<?xml version="1.0" encoding="UTF-8"?>
<!DOCTYPE html PUBLIC "-//W3C//DTD XHTML 1.0 Transitional//EN"
    "http://www.w3.org/TR/xhtml1/DTD/xhtml1-transitional.dtd">
<html xmlns="http://www.w3.org/1999/xhtml" xml:lang="en" lang="en">
 <head>
  <title>
</title>
<meta http-equiv="Content-Type" content="text/html;charset=utf-8" />
  <meta name='ocr-system' content='tesseract 3.04.00' />
  <meta name='ocr-capabilities' content='ocr_page ocr_carea ocr_par ocr_line ocrx_word'/>
</head>
<body>
  <div class='ocr_page' id='page_1' title='image "./decarminisgraec00caesgoog_0074.png"; bbox 0 0 2800 4775; ppageno 0'>
   <div class='ocr_carea' id='block_1_1' title="bbox 386 131 483 224">
    <p class='ocr_par' dir='ltr' id='par_1_1' title="bbox 386 131 483 224">
     <span class='ocr_line' id='line_1_1' title="bbox 386 131 483 224; baseline 0.082 -8"><span class='ocrx_word' id='word_1_1' title='bbox 386 131 483 224; x_wconf 65' lang='lat'>§.6</span> 
     </span>
    </p>
   </div>
   <div class='ocr_carea' id='block_1_2' title="bbox 316 313 2638 1152">
    <p class='ocr_par' dir='ltr' id='par_1_2' title="bbox 316 313 2638 1152">
     <span class='ocr_line' id='line_1_2' title="bbox 385 313 2634 398; baseline 0 -16"><span class='ocrx_word' id='word_1_2' title='bbox 385 314 738 398; x_wconf 82' lang='lat' dir='ltr'>separavit3</span> <span class='ocrx_word' id='word_1_3' title='bbox 800 322 1063 395; x_wconf 80' lang='lat' dir='ltr'>utraque</span> <span class='ocrx_word' id='word_1_4' title='bbox 1120 331 1229 378; x_wconf 83' lang='lat' dir='ltr'>res</span> <span class='ocrx_word' id='word_1_5' title='bbox 1280 331 1321 376; x_wconf 79' lang='lat' dir='ltr'>a</span> <span class='ocrx_word' id='word_1_6' title='bbox 1360 313 1612 382; x_wconf 73' lang='lat' dir='ltr'>Gallim</span> <span class='ocrx_word' id='word_1_7' title='bbox 1665 324 2150 381; x_wconf 81' lang='lat' dir='ltr'>commemorata</span> <span class='ocrx_word' id='word_1_8' title='bbox 2188 323 2325 397; x_wconf 85' lang='lat' dir='ltr'>est,</span> <span class='ocrx_word' id='word_1_9' title='bbox 2383 317 2501 398; x_wconf 86' lang='lat' dir='ltr'>qui</span> <span class='ocrx_word' id='word_1_10' title='bbox 2548 319 2634 382; x_wconf 82' lang='lat' dir='ltr'>de</span> 
     </span>
     <span class='ocr_line' id='line_1_3' title="bbox 390 422 2635 508; baseline 0.002 -22"><span class='ocrx_word' id='word_1_11' title='bbox 390 425 534 506; x_wconf 86' lang='lat' dir='ltr'>ipso</span> <span class='ocrx_word' id='word_1_12' title='bbox 574 424 835 486; x_wconf 80' lang='lat' dir='ltr'>Trernm</span> <span class='ocrx_word' id='word_1_13' title='bbox 897 431 1115 486; x_wconf 80' lang='lat' dir='ltr'>contra</span> <span class='ocrx_word' id='word_1_14' title='bbox 1155 422 1422 488; x_wconf 82' lang='lat' dir='ltr'>Jonicas</span> <span class='ocrx_word' id='word_1_15' title='bbox 1462 423 1653 488; x_wconf 89' lang='lat' dir='ltr'>urbes</span> <span class='ocrx_word' id='word_1_16' title='bbox 1691 442 1962 489; x_wconf 82' lang='lat' dir='ltr'>acoessu</span> <span class='ocrx_word' id='word_1_17' title='bbox 2019 426 2270 508; x_wconf 80' lang='lat' dir='ltr'>locutus</span> <span class='ocrx_word' id='word_1_18' title='bbox 2311 440 2476 489; x_wconf 88' lang='lat' dir='ltr'>esse</span> <span class='ocrx_word' id='word_1_19' title='bbox 2515 426 2635 490; x_wconf 85' lang='lat' dir='ltr'>vi·-</span> 
     </span>
     <span class='ocr_line' id='line_1_4' title="bbox 316 511 2638 624; baseline -0 -26"><span class='ocrx_word' id='word_1_20' title='bbox 316 573 325 582; x_wconf 79' lang='lat'><em>-</em></span> <span class='ocrx_word' id='word_1_21' title='bbox 385 529 595 618; x_wconf 82' lang='lat' dir='ltr'>detur,</span> <span class='ocrx_word' id='word_1_22' title='bbox 647 547 1002 613; x_wconf 82' lang='lat' dir='ltr'>quanquam</span> <span class='ocrx_word' id='word_1_23' title='bbox 1077 530 1396 598; x_wconf 83' lang='lat' dir='ltr'>interitum</span> <span class='ocrx_word' id='word_1_24' title='bbox 1451 511 1836 615; x_wconf 71' lang='lat' dir='ltr'>Magnesiae</span> <span class='ocrx_word' id='word_1_25' title='bbox 1885 533 1965 597; x_wconf 84' lang='lat' dir='ltr'>ab</span> <span class='ocrx_word' id='word_1_26' title='bbox 2025 512 2255 624; x_wconf 69' lang='lat' dir='ltr'>iisdem</span> <span class='ocrx_word' id='word_1_27' title='bbox 2312 534 2638 608; x_wconf 70' lang='lat' dir='ltr'>Trea-ibus</span> 
     </span>
     <span class='ocr_line' id='line_1_5' title="bbox 386 633 2635 732; baseline -0 -28"><span class='ocrx_word' id='word_1_28' title='bbox 386 637 636 704; x_wconf 85' lang='lat' dir='ltr'>deletae</span> <span class='ocrx_word' id='word_1_29' title='bbox 688 633 961 719; x_wconf 79' lang='lat' dir='ltr'>nondum</span> <span class='ocrx_word' id='word_1_30' title='bbox 1035 640 1397 732; x_wconf 74' lang='lat' dir='ltr'>attigerat.</span> <span class='ocrx_word' id='word_1_31' title='bbox 1456 638 1660 708; x_wconf 81' lang='lat' dir='ltr'>Recte</span> <span class='ocrx_word' id='word_1_32' title='bbox 1715 636 1912 724; x_wconf 82' lang='lat' dir='ltr'>igitur</span> <span class='ocrx_word' id='word_1_33' title='bbox 1970 638 2458 704; x_wconf 74' lang='lat' dir='ltr'><strong>cimmeriorum</strong></span> <span class='ocrx_word' id='word_1_34' title='bbox 2520 638 2635 703; x_wconf 86' lang='lat' dir='ltr'>in·-</span> 
     </span>
     <span class='ocr_line' id='line_1_6' title="bbox 385 710 2638 840; baseline 0.001 -29"><span class='ocrx_word' id='word_1_35' title='bbox 385 746 741 811; x_wconf 84' lang='lat' dir='ltr'>cursionem</span> <span class='ocrx_word' id='word_1_36' title='bbox 783 738 1230 834; x_wconf 76' lang='grc' dir='ltr'><strong><em>πρεσβυτέραν</em></strong></span> <span class='ocrx_word' id='word_1_37' title='bbox 1269 710 1426 811; x_wconf 83' lang='lat' dir='ltr'>dicit</span> <span class='ocrx_word' id='word_1_38' title='bbox 1466 747 1731 840; x_wconf 81' lang='lat' dir='ltr'>Strabo,</span> <span class='ocrx_word' id='word_1_39' title='bbox 1789 766 1998 829; x_wconf 82' lang='lat' dir='ltr'>neque</span> <span class='ocrx_word' id='word_1_40' title='bbox 2038 765 2192 812; x_wconf 83' lang='lat' dir='ltr'>vero</span> <span class='ocrx_word' id='word_1_41' title='bbox 2230 748 2432 811; x_wconf 88' lang='lat' dir='ltr'>multo</span> <span class='ocrx_word' id='word_1_42' title='bbox 2478 758 2638 830; x_wconf 85' lang='lat' dir='ltr'>post</span> 
     </span>
     <span class='ocr_line' id='line_1_7' title="bbox 386 827 2631 942; baseline 0.002 -25"><span class='ocrx_word' id='word_1_43' title='bbox 386 851 627 918; x_wconf 82' lang='lat' dir='ltr'>Sardes</span> <span class='ocrx_word' id='word_1_44' title='bbox 666 861 1008 936; x_wconf 80' lang='lat' dir='ltr'>occupatas</span> <span class='ocrx_word' id='word_1_45' title='bbox 1048 852 1431 939; x_wconf 75' lang='lat' dir='ltr'>Magnesiae</span> <span class='ocrx_word' id='word_1_46' title='bbox 1483 827 1797 920; x_wconf 77' lang='lat' dir='ltr'>interitum</span> <span class='ocrx_word' id='word_1_47' title='bbox 1840 875 1985 919; x_wconf 90' lang='lat' dir='ltr'>eum</span> <span class='ocrx_word' id='word_1_48' title='bbox 2024 855 2325 938; x_wconf 75' lang='lat' dir='ltr'>posuisse</span> <span class='ocrx_word' id='word_1_49' title='bbox 2342 900 2368 942; x_wconf 83' lang='lat'>,</span> <span class='ocrx_word' id='word_1_50' title='bbox 2409 855 2631 939; x_wconf 78' lang='lat' dir='ltr'>siqui-</span> 
     </span>
     <span class='ocr_line' id='line_1_8' title="bbox 385 958 2629 1052; baseline 0.002 -27"><span class='ocrx_word' id='word_1_51' title='bbox 385 958 541 1030; x_wconf 84' lang='lat' dir='ltr'>dem</span> <span class='ocrx_word' id='word_1_52' title='bbox 571 970 746 1026; x_wconf 87' lang='lat' dir='ltr'>recte</span> <span class='ocrx_word' id='word_1_53' title='bbox 784 959 925 1043; x_wconf 87' lang='lat' dir='ltr'>ejus</span> <span class='ocrx_word' id='word_1_54' title='bbox 966 979 1226 1028; x_wconf 78' lang='lat' dir='ltr'>semum</span> <span class='ocrx_word' id='word_1_55' title='bbox 1268 961 1753 1046; x_wconf 74' lang='lat' dir='ltr'>explicavimus,</span> <span class='ocrx_word' id='word_1_56' title='bbox 1792 961 2163 1027; x_wconf 73' lang='lat' dir='ltr'>Archilochi</span> <span class='ocrx_word' id='word_1_57' title='bbox 2193 972 2377 1027; x_wconf 86' lang='lat' dir='ltr'>aetas</span> <span class='ocrx_word' id='word_1_58' title='bbox 2409 963 2629 1052; x_wconf 83' lang='lat' dir='ltr'>docet,</span> 
     </span>
     <span class='ocr_line' id='line_1_9' title="bbox 386 1065 2628 1152; baseline 0.004 -23"><span class='ocrx_word' id='word_1_59' title='bbox 386 1085 575 1151; x_wconf 83' lang='lat' dir='ltr'>quem</span> <span class='ocrx_word' id='word_1_60' title='bbox 614 1068 740 1133; x_wconf 84' lang='lat' dir='ltr'>hac</span> <span class='ocrx_word' id='word_1_61' title='bbox 782 1065 866 1133; x_wconf 90' lang='lat' dir='ltr'>de</span> <span class='ocrx_word' id='word_1_62' title='bbox 906 1087 979 1135; x_wconf 87' lang='lat' dir='ltr'>re</span> <span class='ocrx_word' id='word_1_63' title='bbox 1006 1070 1384 1136; x_wconf 81' lang='lat' dir='ltr'>mentionem</span> <span class='ocrx_word' id='word_1_64' title='bbox 1425 1069 1729 1152; x_wconf 82' lang='lat' dir='ltr'>injecisse</span> <span class='ocrx_word' id='word_1_65' title='bbox 1757 1069 2192 1152; x_wconf 71' lang='lat' dir='ltr'>arbitrabatur,</span> <span class='ocrx_word' id='word_1_66' title='bbox 2232 1072 2325 1134; x_wconf 90' lang='lat' dir='ltr'>ita</span> <span class='ocrx_word' id='word_1_67' title='bbox 2351 1080 2427 1142; x_wconf 79' lang='lat' dir='ltr'>ut</span> <span class='ocrx_word' id='word_1_68' title='bbox 2451 1070 2628 1140; x_wconf 81' lang='lat' dir='ltr'>baud</span> 
     </span>
    </p>
   </div>
   <div class='ocr_carea' id='block_1_3' title="bbox 308 1176 2626 1248">
    <p class='ocr_par' dir='ltr' id='par_1_3' title="bbox 308 1176 2626 1248">
     <span class='ocr_line' id='line_1_10' title="bbox 308 1176 2626 1248; baseline 0.001 -7"><span class='ocrx_word' id='word_1_69' title='bbox 308 1210 319 1217; x_wconf 92' lang='lat'><strong>·</strong></span> <span class='ocrx_word' id='word_1_70' title='bbox 384 1188 625 1242; x_wconf 80' lang='lat' dir='ltr'>temero</span> <span class='ocrx_word' id='word_1_71' title='bbox 666 1176 969 1244; x_wconf 85' lang='lat' dir='ltr'>Clemens</span> <span class='ocrx_word' id='word_1_72' title='bbox 1008 1178 1476 1248; x_wconf 77' lang='lat' dir='ltr'>Alexandrinus</span> <span class='ocrx_word' id='word_1_73' title='bbox 1532 1176 1845 1243; x_wconf 78' lang='lat' dir='ltr'>Gallinam</span> <span class='ocrx_word' id='word_1_74' title='bbox 1893 1197 2023 1242; x_wconf 86' lang='lat' dir='ltr'>uon</span> <span class='ocrx_word' id='word_1_75' title='bbox 2060 1179 2254 1243; x_wconf 86' lang='lat' dir='ltr'>multo</span> <span class='ocrx_word' id='word_1_76' title='bbox 2298 1186 2450 1246; x_wconf 81' lang='lat' dir='ltr'>ante</span> <span class='ocrx_word' id='word_1_77' title='bbox 2490 1180 2626 1244; x_wconf 79' lang='lat' dir='ltr'>Ar-</span> 
     </span>
    </p>
   </div>
   <div class='ocr_carea' id='block_1_4' title="bbox 357 1283 2628 2880">
    <p class='ocr_par' dir='ltr' id='par_1_4' title="bbox 386 1283 2628 1906">
     <span class='ocr_line' id='line_1_11' title="bbox 387 1283 2628 1370; baseline 0.002 -20"><span class='ocrx_word' id='word_1_78' title='bbox 387 1283 748 1356; x_wconf 86' lang='lat' dir='ltr'>chilochum</span> <span class='ocrx_word' id='word_1_79' title='bbox 788 1287 1086 1354; x_wconf 81' lang='lat' dir='ltr'>floruisse</span> <span class='ocrx_word' id='word_1_80' title='bbox 1124 1286 1315 1356; x_wconf 78' lang='lat' dir='ltr'>dicat.</span> <span class='ocrx_word' id='word_1_81' title='bbox 1396 1285 1674 1370; x_wconf 83' lang='lat' dir='ltr'>Utraque</span> <span class='ocrx_word' id='word_1_82' title='bbox 1728 1293 1941 1350; x_wconf 87' lang='lat' dir='ltr'>autem</span> <span class='ocrx_word' id='word_1_83' title='bbox 1993 1302 2102 1350; x_wconf 85' lang='lat' dir='ltr'>res</span> <span class='ocrx_word' id='word_1_84' title='bbox 2143 1284 2483 1362; x_wconf 79' lang='lat' dir='ltr'>reserenda</span> <span class='ocrx_word' id='word_1_85' title='bbox 2519 1296 2628 1354; x_wconf 80' lang='lat' dir='ltr'>est</span> 
     </span>
     <span class='ocr_line' id='line_1_12' title="bbox 386 1390 2626 1481; baseline 0 -21"><span class='ocrx_word' id='word_1_86' title='bbox 386 1392 467 1460; x_wconf 72' lang='lat' dir='ltr'>ad</span> <span class='ocrx_word' id='word_1_87' title='bbox 511 1394 668 1458; x_wconf 83' lang='lat' dir='ltr'>illud</span> <span class='ocrx_word' id='word_1_88' title='bbox 708 1391 1178 1481; x_wconf 69' lang='lat' dir='ltr'>duodetriginta</span> <span class='ocrx_word' id='word_1_89' title='bbox 1238 1411 1540 1461; x_wconf 82' lang='lat' dir='ltr'>annorum</span> <span class='ocrx_word' id='word_1_90' title='bbox 1598 1393 1872 1476; x_wconf 75' lang='lat' dir='ltr'>spatium</span> <span class='ocrx_word' id='word_1_91' title='bbox 1886 1434 1912 1476; x_wconf 87' lang='lat'>,</span> <span class='ocrx_word' id='word_1_92' title='bbox 1968 1409 2093 1475; x_wconf 86' lang='lat' dir='ltr'>quo</span> <span class='ocrx_word' id='word_1_93' title='bbox 2135 1390 2626 1460; x_wconf 75' lang='lat' dir='ltr'>cimmeriorum</span> 
     </span>
     <span class='ocr_line' id='line_1_13' title="bbox 389 1498 2625 1587; baseline 0 -20"><span class='ocrx_word' id='word_1_94' title='bbox 389 1510 687 1568; x_wconf 74' lang='lat' dir='ltr'>catervae</span> <span class='ocrx_word' id='word_1_95' title='bbox 744 1502 972 1569; x_wconf 81' lang='lat' dir='ltr'>Asiam</span> <span class='ocrx_word' id='word_1_96' title='bbox 1033 1501 1520 1585; x_wconf 59' lang='lat' dir='ltr'>tenebantw).</span> <span class='ocrx_word' id='word_1_97' title='bbox 1574 1501 1874 1567; x_wconf 83' lang='lat' dir='ltr'>Ceterum</span> <span class='ocrx_word' id='word_1_98' title='bbox 1934 1498 2125 1567; x_wconf 81' lang='lat' dir='ltr'>facile</span> <span class='ocrx_word' id='word_1_99' title='bbox 2186 1503 2625 1587; x_wconf 78' lang='lat' dir='ltr'>concedimus,</span> 
     </span>
     <span class='ocr_line' id='line_1_14' title="bbox 386 1608 2621 1695; baseline 0 -20"><span class='ocrx_word' id='word_1_100' title='bbox 386 1610 760 1676; x_wconf 80' lang='lat' dir='ltr'>Strabonem</span> <span class='ocrx_word' id='word_1_101' title='bbox 802 1610 1241 1679; x_wconf 67' lang='lat' dir='ltr'>cimmericum</span> <span class='ocrx_word' id='word_1_102' title='bbox 1279 1611 1685 1695; x_wconf 81' lang='lat' dir='ltr'>irruptionem</span> <span class='ocrx_word' id='word_1_103' title='bbox 1744 1610 1811 1672; x_wconf 87' lang='lat' dir='ltr'>iu</span> <span class='ocrx_word' id='word_1_104' title='bbox 1866 1615 2076 1673; x_wconf 77' lang='lat' dir='ltr'>aetate</span> <span class='ocrx_word' id='word_1_105' title='bbox 2118 1608 2327 1693; x_wconf 81' lang='lat' dir='ltr'>paullo</span> <span class='ocrx_word' id='word_1_106' title='bbox 2381 1613 2621 1692; x_wconf 78' lang='lat' dir='ltr'>priore,</span> 
     </span>
     <span class='ocr_line' id='line_1_15' title="bbox 357 1690 2616 1807; baseline 0.002 -27.052"><span class='ocrx_word' id='word_1_107' title='bbox 357 1690 581 1798; x_wconf 74' lang='lat' dir='ltr'>&#39;qoam</span> <span class='ocrx_word' id='word_1_108' title='bbox 614 1734 656 1780; x_wconf 81' lang='lat' dir='ltr'>a</span> <span class='ocrx_word' id='word_1_109' title='bbox 696 1717 882 1782; x_wconf 79' lang='lat' dir='ltr'>nobis</span> <span class='ocrx_word' id='word_1_110' title='bbox 920 1718 1162 1807; x_wconf 80' lang='lat' dir='ltr'>factum</span> <span class='ocrx_word' id='word_1_111' title='bbox 1201 1718 1341 1803; x_wconf 86' lang='lat' dir='ltr'>est,</span> <span class='ocrx_word' id='word_1_112' title='bbox 1381 1718 1717 1801; x_wconf 76' lang='lat' dir='ltr'>posuisse,</span> <span class='ocrx_word' id='word_1_113' title='bbox 1775 1715 1843 1782; x_wconf 90' lang='lat' dir='ltr'>id</span> <span class='ocrx_word' id='word_1_114' title='bbox 1881 1715 2052 1798; x_wconf 88' lang='lat' dir='ltr'>quod</span> <span class='ocrx_word' id='word_1_115' title='bbox 2089 1726 2337 1801; x_wconf 78' lang='lat' dir='ltr'>propter</span> <span class='ocrx_word' id='word_1_116' title='bbox 2372 1717 2616 1786; x_wconf 80' lang='lat' dir='ltr'>Archi-</span> 
     </span>
     <span class='ocr_line' id='line_1_16' title="bbox 386 1799 1525 1906; baseline 0.008 -24"><span class='ocrx_word' id='word_1_117' title='bbox 386 1820 558 1887; x_wconf 85' lang='lat' dir='ltr'>lochi</span> <span class='ocrx_word' id='word_1_118' title='bbox 597 1830 871 1892; x_wconf 82' lang='lat' dir='ltr'>aetatem</span> <span class='ocrx_word' id='word_1_119' title='bbox 910 1799 1232 1905; x_wconf 76' lang='lat' dir='ltr'>probabile</span> <span class='ocrx_word' id='word_1_120' title='bbox 1270 1834 1375 1890; x_wconf 86' lang='lat' dir='ltr'>est</span> <span class='ocrx_word' id='word_1_121' title='bbox 1402 1823 1525 1906; x_wconf 77' lang='lat'><strong>⁸¹).</strong></span> 
     </span>
    </p>

    <p class='ocr_par' dir='ltr' id='par_1_5' title="bbox 385 1927 2623 2880">
     <span class='ocr_line' id='line_1_17' title="bbox 547 1927 2618 2020; baseline 0.004 -29"><span class='ocrx_word' id='word_1_122' title='bbox 547 1927 799 1992; x_wconf 77' lang='lat' dir='ltr'>Etenim</span> <span class='ocrx_word' id='word_1_123' title='bbox 858 1948 1053 2013; x_wconf 85' lang='lat' dir='ltr'>quum</span> <span class='ocrx_word' id='word_1_124' title='bbox 1106 1951 1192 1996; x_wconf 86' lang='lat' dir='ltr'>ex</span> <span class='ocrx_word' id='word_1_125' title='bbox 1240 1929 1368 2015; x_wconf 89' lang='lat' dir='ltr'>iis,</span> <span class='ocrx_word' id='word_1_126' title='bbox 1422 1949 1587 2014; x_wconf 85' lang='lat' dir='ltr'>quae</span> <span class='ocrx_word' id='word_1_127' title='bbox 1650 1928 2154 2020; x_wconf 78' lang='lat' dir='ltr'>disputavimus,</span> <span class='ocrx_word' id='word_1_128' title='bbox 2205 1932 2618 2018; x_wconf 76' lang='lat' dir='ltr'>Magnesiam</span> 
     </span>
     <span class='ocr_line' id='line_1_18' title="bbox 385 2035 2620 2128; baseline 0.005 -32"><span class='ocrx_word' id='word_1_129' title='bbox 385 2051 510 2098; x_wconf 88' lang='lat' dir='ltr'>non</span> <span class='ocrx_word' id='word_1_130' title='bbox 552 2043 699 2098; x_wconf 85' lang='lat' dir='ltr'>ante</span> <span class='ocrx_word' id='word_1_131' title='bbox 739 2035 988 2123; x_wconf 79' lang='lat' dir='ltr'>olymp.</span> <span class='ocrx_word' id='word_1_132' title='bbox 1026 2038 1345 2103; x_wconf 82' lang='lat' dir='ltr'>XXXVII</span> <span class='ocrx_word' id='word_1_133' title='bbox 1383 2058 1426 2108; x_wconf 82' lang='lat' dir='ltr'>a</span> <span class='ocrx_word' id='word_1_134' title='bbox 1444 2039 1744 2106; x_wconf 71' lang='lat' dir='ltr'>&#39;fretibus</span> <span class='ocrx_word' id='word_1_135' title='bbox 1781 2040 2058 2124; x_wconf 82' lang='lat' dir='ltr'>deletam</span> <span class='ocrx_word' id='word_1_136' title='bbox 2097 2045 2249 2108; x_wconf 79' lang='lat' dir='ltr'>esse</span> <span class='ocrx_word' id='word_1_137' title='bbox 2290 2050 2620 2128; x_wconf 76' lang='lat' dir='ltr'>appareat,</span> 
     </span>
     <span class='ocr_line' id='line_1_19' title="bbox 385 2140 2621 2233; baseline 0.005 -30"><span class='ocrx_word' id='word_1_138' title='bbox 385 2140 842 2207; x_wconf 74' lang='lat' dir='ltr'>Archilochum</span> <span class='ocrx_word' id='word_1_139' title='bbox 883 2153 1098 2211; x_wconf 80' lang='lat' dir='ltr'>tamen</span> <span class='ocrx_word' id='word_1_140' title='bbox 1153 2144 1234 2210; x_wconf 88' lang='lat' dir='ltr'>ad</span> <span class='ocrx_word' id='word_1_141' title='bbox 1275 2146 1451 2213; x_wconf 86' lang='lat' dir='ltr'>hunc</span> <span class='ocrx_word' id='word_1_142' title='bbox 1487 2166 1694 2231; x_wconf 86' lang='lat' dir='ltr'>usque</span> <span class='ocrx_word' id='word_1_143' title='bbox 1755 2167 1985 2213; x_wconf 86' lang='lat' dir='ltr'>annum</span> <span class='ocrx_word' id='word_1_144' title='bbox 2048 2150 2272 2214; x_wconf 83' lang='lat' dir='ltr'>vivere</span> <span class='ocrx_word' id='word_1_145' title='bbox 2327 2169 2456 2214; x_wconf 85' lang='lat' dir='ltr'>uon</span> <span class='ocrx_word' id='word_1_146' title='bbox 2493 2170 2621 2233; x_wconf 81' lang='lat' dir='ltr'>po-</span> 
     </span>
     <span class='ocr_line' id='line_1_20' title="bbox 386 2252 2621 2343; baseline 0 -19"><span class='ocrx_word' id='word_1_147' title='bbox 386 2257 593 2324; x_wconf 84' lang='lat' dir='ltr'>tuisse</span> <span class='ocrx_word' id='word_1_148' title='bbox 635 2276 828 2341; x_wconf 84' lang='lat' dir='ltr'>supra</span> <span class='ocrx_word' id='word_1_149' title='bbox 886 2252 1235 2321; x_wconf 83' lang='lat' dir='ltr'>viderimus</span> <span class='ocrx_word' id='word_1_150' title='bbox 1260 2252 1397 2339; x_wconf 78' lang='lat'>⁸²),</span> <span class='ocrx_word' id='word_1_151' title='bbox 1463 2255 1606 2322; x_wconf 85' lang='lat' dir='ltr'>fieri</span> <span class='ocrx_word' id='word_1_152' title='bbox 1654 2276 1779 2321; x_wconf 89' lang='grc' dir='ltr'><strong>ιιοιι</strong></span> <span class='ocrx_word' id='word_1_153' title='bbox 1833 2257 2066 2343; x_wconf 78' lang='lat' dir='ltr'>potuit,</span> <span class='ocrx_word' id='word_1_154' title='bbox 2126 2266 2198 2321; x_wconf 86' lang='lat' dir='ltr'>ut</span> <span class='ocrx_word' id='word_1_155' title='bbox 2235 2258 2621 2343; x_wconf 74' lang='lat' dir='ltr'>Magnesiae</span> 
     </span>
     <span class='ocr_line' id='line_1_21' title="bbox 387 2362 2621 2451; baseline 0.001 -20"><span class='ocrx_word' id='word_1_156' title='bbox 387 2365 704 2435; x_wconf 86' lang='lat' dir='ltr'>interitum</span> <span class='ocrx_word' id='word_1_157' title='bbox 732 2371 1280 2445; x_wconf 82' lang='lat' dir='ltr'>commemoraret3</span> <span class='ocrx_word' id='word_1_158' title='bbox 1320 2362 1490 2433; x_wconf 86' lang='lat' dir='ltr'>unde</span> <span class='ocrx_word' id='word_1_159' title='bbox 1528 2381 1813 2450; x_wconf 78' lang='lat' dir='ltr'>versum,</span> <span class='ocrx_word' id='word_1_160' title='bbox 1852 2364 1931 2431; x_wconf 78' lang='lat' dir='ltr'>ad</span> <span class='ocrx_word' id='word_1_161' title='bbox 1966 2382 2153 2447; x_wconf 84' lang='lat' dir='ltr'>quem</span> <span class='ocrx_word' id='word_1_162' title='bbox 2184 2365 2428 2447; x_wconf 70' lang='lat' dir='ltr'>Strabo</span> <span class='ocrx_word' id='word_1_163' title='bbox 2465 2386 2621 2451; x_wconf 86' lang='lat' dir='ltr'>pro-</span> 
     </span>
     <span class='ocr_line' id='line_1_22' title="bbox 385 2473 2621 2558; baseline 0.001 -18"><span class='ocrx_word' id='word_1_164' title='bbox 385 2483 612 2557; x_wconf 81' lang='lat' dir='ltr'>vocat,</span> <span class='ocrx_word' id='word_1_165' title='bbox 673 2475 757 2541; x_wconf 82' lang='lat' dir='ltr'>ad</span> <span class='ocrx_word' id='word_1_166' title='bbox 814 2475 1003 2545; x_wconf 85' lang='lat' dir='ltr'>aliam</span> <span class='ocrx_word' id='word_1_167' title='bbox 1061 2491 1198 2537; x_wconf 89' lang='lat' dir='ltr'>rem</span> <span class='ocrx_word' id='word_1_168' title='bbox 1258 2481 1553 2554; x_wconf 72' lang='lat' dir='ltr'>spectare</span> <span class='ocrx_word' id='word_1_169' title='bbox 1626 2473 1942 2556; x_wconf 74' lang='lat' dir='ltr'>probabile</span> <span class='ocrx_word' id='word_1_170' title='bbox 2003 2483 2139 2558; x_wconf 86' lang='lat' dir='ltr'>est,</span> <span class='ocrx_word' id='word_1_171' title='bbox 2200 2473 2267 2538; x_wconf 87' lang='lat' dir='ltr'>id</span> <span class='ocrx_word' id='word_1_172' title='bbox 2321 2473 2495 2558; x_wconf 84' lang='lat' dir='ltr'>quod</span> <span class='ocrx_word' id='word_1_173' title='bbox 2545 2495 2621 2542; x_wconf 91' lang='lat' dir='ltr'>eo</span> 
     </span>
     <span class='ocr_line' id='line_1_23' title="bbox 385 2579 2622 2664; baseline 0.001 -20"><span class='ocrx_word' id='word_1_174' title='bbox 385 2581 624 2664; x_wconf 86' lang='lat' dir='ltr'>majore</span> <span class='ocrx_word' id='word_1_175' title='bbox 677 2580 824 2662; x_wconf 87' lang='lat' dir='ltr'>jure</span> <span class='ocrx_word' id='word_1_176' title='bbox 886 2598 1142 2646; x_wconf 86' lang='lat' dir='ltr'>sumere</span> <span class='ocrx_word' id='word_1_177' title='bbox 1199 2579 1380 2661; x_wconf 87' lang='lat' dir='ltr'>licet,</span> <span class='ocrx_word' id='word_1_178' title='bbox 1459 2597 1651 2661; x_wconf 87' lang='lat' dir='ltr'>quum</span> <span class='ocrx_word' id='word_1_179' title='bbox 1711 2579 2043 2646; x_wconf 78' lang='lat' dir='ltr'>Strabonis</span> <span class='ocrx_word' id='word_1_180' title='bbox 2106 2582 2492 2647; x_wconf 80' lang='lat' dir='ltr'>senteutiam</span> <span class='ocrx_word' id='word_1_181' title='bbox 2555 2584 2622 2657; x_wconf 86' lang='lat' dir='ltr'>in</span> 
     </span>
     <span class='ocr_line' id='line_1_24' title="bbox 385 2688 2621 2772; baseline 0 -19"><span class='ocrx_word' id='word_1_182' title='bbox 385 2689 746 2771; x_wconf 85' lang='lat' dir='ltr'>conjectura</span> <span class='ocrx_word' id='word_1_183' title='bbox 785 2689 1060 2772; x_wconf 86' lang='lat' dir='ltr'>positam</span> <span class='ocrx_word' id='word_1_184' title='bbox 1100 2702 1256 2752; x_wconf 84' lang='lat' dir='ltr'>esse</span> <span class='ocrx_word' id='word_1_185' title='bbox 1294 2704 1530 2751; x_wconf 81' lang='lat' dir='ltr'>versus</span> <span class='ocrx_word' id='word_1_186' title='bbox 1571 2688 1746 2771; x_wconf 89' lang='lat' dir='ltr'>ipse,</span> <span class='ocrx_word' id='word_1_187' title='bbox 1799 2688 1866 2752; x_wconf 90' lang='lat' dir='ltr'>in</span> <span class='ocrx_word' id='word_1_188' title='bbox 1907 2706 2029 2770; x_wconf 87' lang='lat' dir='ltr'>quo</span> <span class='ocrx_word' id='word_1_189' title='bbox 2088 2689 2436 2769; x_wconf 78' lang='lat' dir='ltr'>accuratior</span> <span class='ocrx_word' id='word_1_190' title='bbox 2474 2708 2621 2767; x_wconf 58' lang='lat' dir='ltr'>mar·</span> 
     </span>
     <span class='ocr_line' id='line_1_25' title="bbox 388 2792 2623 2880; baseline 0.004 -25"><span class='ocrx_word' id='word_1_191' title='bbox 388 2793 589 2858; x_wconf 89' lang='lat' dir='ltr'>lorum</span> <span class='ocrx_word' id='word_1_192' title='bbox 655 2794 901 2859; x_wconf 86' lang='lat' dir='ltr'>illorum</span> <span class='ocrx_word' id='word_1_193' title='bbox 963 2792 1344 2878; x_wconf 74' lang='lat' dir='ltr'>significatio</span> <span class='ocrx_word' id='word_1_194' title='bbox 1415 2811 1544 2859; x_wconf 87' lang='lat' dir='ltr'>non</span> <span class='ocrx_word' id='word_1_195' title='bbox 1605 2795 1774 2863; x_wconf 88' lang='lat' dir='ltr'>inest</span> <span class='ocrx_word' id='word_1_196' title='bbox 1787 2838 1809 2879; x_wconf 93' lang='lat'>,</span> <span class='ocrx_word' id='word_1_197' title='bbox 1880 2794 2127 2863; x_wconf 80' lang='lat' dir='ltr'>doceat.</span> <span class='ocrx_word' id='word_1_198' title='bbox 2232 2797 2623 2880; x_wconf 73' lang='lat' dir='ltr'>Magnesiae</span> 
     </span>
    </p>
   </div>
   <div class='ocr_carea' id='block_1_5' title="bbox 382 2976 794 2998">
    <p class='ocr_par' dir='ltr' id='par_1_6' title="bbox 382 2976 794 2998">
     <span class='ocr_line' id='line_1_26' title="bbox 382 2976 794 2998; baseline 0 1777"><span class='ocrx_word' id='word_1_199' title='bbox 382 2976 794 2998; x_wconf 95' lang='lat' dir='ltr'> </span> 
     </span>
    </p>
   </div>
   <div class='ocr_carea' id='block_1_6' title="bbox 419 3091 2628 4113">
    <p class='ocr_par' dir='ltr' id='par_1_7' title="bbox 419 3091 2628 3525">
     <span class='ocr_line' id='line_1_27' title="bbox 419 3091 2625 3180; baseline 0.002 -21"><span class='ocrx_word' id='word_1_200' title='bbox 419 3091 512 3167; x_wconf 74' lang='lat'>30&#39;)</span> <span class='ocrx_word' id='word_1_201' title='bbox 546 3105 733 3159; x_wconf 81' lang='lat' dir='ltr'>Herod.</span> <span class='ocrx_word' id='word_1_202' title='bbox 757 3107 802 3175; x_wconf 85' lang='lat'>1,</span> <span class='ocrx_word' id='word_1_203' title='bbox 838 3105 920 3158; x_wconf 76' lang='lat'>16.</span> <span class='ocrx_word' id='word_1_204' title='bbox 986 3107 1283 3160; x_wconf 83' lang='lat' dir='ltr'>Cimmerios</span> <span class='ocrx_word' id='word_1_205' title='bbox 1317 3124 1381 3160; x_wconf 85' lang='lat' dir='ltr'>ex</span> <span class='ocrx_word' id='word_1_206' title='bbox 1402 3112 1533 3161; x_wconf 78' lang='lat' dir='ltr'>Asia</span> <span class='ocrx_word' id='word_1_207' title='bbox 1565 3113 1806 3175; x_wconf 83' lang='lat' dir='ltr'>expulsos</span> <span class='ocrx_word' id='word_1_208' title='bbox 1840 3126 1956 3168; x_wconf 73' lang='lat' dir='ltr'>esse</span> <span class='ocrx_word' id='word_1_209' title='bbox 1990 3114 2145 3163; x_wconf 77' lang='lat' dir='ltr'>tradit</span> <span class='ocrx_word' id='word_1_210' title='bbox 2176 3115 2238 3163; x_wconf 78' lang='lat' dir='ltr'>ab</span> <span class='ocrx_word' id='word_1_211' title='bbox 2258 3113 2501 3180; x_wconf 78' lang='lat' dir='ltr'>Alyatte,</span> <span class='ocrx_word' id='word_1_212' title='bbox 2536 3115 2625 3174; x_wconf 84' lang='lat' dir='ltr'>qui</span> 
     </span>
     <span class='ocr_line' id='line_1_28' title="bbox 480 3188 2628 3270; baseline 0.001 -20"><span class='ocrx_word' id='word_1_213' title='bbox 480 3204 485 3209; x_wconf 79' lang='grc'>’</span> <span class='ocrx_word' id='word_1_214' title='bbox 548 3197 786 3268; x_wconf 80' lang='lat' dir='ltr'>regnavit</span> <span class='ocrx_word' id='word_1_215' title='bbox 816 3199 879 3248; x_wconf 80' lang='lat' dir='ltr'>ab</span> <span class='ocrx_word' id='word_1_216' title='bbox 915 3196 994 3249; x_wconf 78' lang='lat'>01.</span> <span class='ocrx_word' id='word_1_217' title='bbox 1012 3198 1131 3267; x_wconf 82' lang='lat' dir='ltr'>XL,</span> <span class='ocrx_word' id='word_1_218' title='bbox 1166 3198 1198 3249; x_wconf 71' lang='lat'>4</span> <span class='ocrx_word' id='word_1_219' title='bbox 1229 3188 1393 3261; x_wconf 79' lang='lat' dir='ltr'>usque</span> <span class='ocrx_word' id='word_1_220' title='bbox 1427 3202 1492 3250; x_wconf 79' lang='lat' dir='ltr'>ad</span> <span class='ocrx_word' id='word_1_221' title='bbox 1523 3203 1643 3269; x_wconf 82' lang='lat' dir='ltr'>LV,</span> <span class='ocrx_word' id='word_1_222' title='bbox 1677 3202 1738 3270; x_wconf 71' lang='lat'>83</span> <span class='ocrx_word' id='word_1_223' title='bbox 1774 3203 2001 3263; x_wconf 78' lang='lat' dir='ltr'>Scythae</span> <span class='ocrx_word' id='word_1_224' title='bbox 2034 3218 2067 3252; x_wconf 81' lang='lat' dir='ltr'>a</span> <span class='ocrx_word' id='word_1_225' title='bbox 2109 3202 2346 3262; x_wconf 75' lang='lat' dir='ltr'>cyaxare</span> <span class='ocrx_word' id='word_1_226' title='bbox 2381 3205 2628 3265; x_wconf 81' lang='lat' dir='ltr'>oppressi</span> 
     </span>
     <span class='ocr_line' id='line_1_29' title="bbox 548 3278 2624 3361; baseline 0 -18"><span class='ocrx_word' id='word_1_227' title='bbox 548 3296 694 3359; x_wconf 71' lang='lat' dir='ltr'>sunt,</span> <span class='ocrx_word' id='word_1_228' title='bbox 708 3278 1003 3352; x_wconf 73' lang='lat' dir='ltr'>‘postquam</span> <span class='ocrx_word' id='word_1_229' title='bbox 1034 3304 1128 3352; x_wconf 85' lang='lat' dir='ltr'>per</span> <span class='ocrx_word' id='word_1_230' title='bbox 1161 3292 1535 3357; x_wconf 78' lang='lat' dir='ltr'>duodetriginta</span> <span class='ocrx_word' id='word_1_231' title='bbox 1568 3306 1728 3343; x_wconf 82' lang='lat' dir='ltr'>annos</span> <span class='ocrx_word' id='word_1_232' title='bbox 1760 3295 1941 3343; x_wconf 82' lang='lat' dir='ltr'>Asiam</span> <span class='ocrx_word' id='word_1_233' title='bbox 1982 3298 2251 3344; x_wconf 79' lang='lat' dir='ltr'>tenuerant</span> <span class='ocrx_word' id='word_1_234' title='bbox 2281 3294 2378 3352; x_wconf 76' lang='lat' dir='ltr'>(cf.</span> <span class='ocrx_word' id='word_1_235' title='bbox 2416 3296 2543 3344; x_wconf 79' lang='lat' dir='ltr'>Her.</span> <span class='ocrx_word' id='word_1_236' title='bbox 2575 3296 2624 3361; x_wconf 85' lang='lat'>1,</span> 
     </span>
     <span class='ocr_line' id='line_1_30' title="bbox 547 3380 2626 3452; baseline 0.001 -18"><span class='ocrx_word' id='word_1_237' title='bbox 547 3383 693 3452; x_wconf 73' lang='lat'>1⁰6),</span> <span class='ocrx_word' id='word_1_238' title='bbox 726 3385 898 3444; x_wconf 79' lang='lat' dir='ltr'>itaque</span> <span class='ocrx_word' id='word_1_239' title='bbox 931 3383 1027 3431; x_wconf 81' lang='lat' dir='ltr'>sub</span> <span class='ocrx_word' id='word_1_240' title='bbox 1071 3380 1152 3433; x_wconf 85' lang='lat'>01.</span> <span class='ocrx_word' id='word_1_241' title='bbox 1194 3381 1398 3450; x_wconf 80' lang='lat' dir='ltr'>XLIII,</span> <span class='ocrx_word' id='word_1_242' title='bbox 1454 3388 1507 3432; x_wconf 88' lang='lat' dir='ltr'>et</span> <span class='ocrx_word' id='word_1_243' title='bbox 1537 3385 1724 3435; x_wconf 76' lang='lat' dir='ltr'>eodem</span> <span class='ocrx_word' id='word_1_244' title='bbox 1758 3386 1868 3435; x_wconf 81' lang='lat' dir='ltr'>fere</span> <span class='ocrx_word' id='word_1_245' title='bbox 1902 3388 2131 3447; x_wconf 81' lang='lat' dir='ltr'>tempore</span> <span class='ocrx_word' id='word_1_246' title='bbox 2165 3385 2451 3436; x_wconf 84' lang='lat' dir='ltr'>Cimmeriis</span> <span class='ocrx_word' id='word_1_247' title='bbox 2484 3386 2626 3437; x_wconf 72' lang='lat' dir='ltr'>iden</span> 
     </span>
     <span class='ocr_line' id='line_1_31' title="bbox 546 3473 1646 3525; baseline 0 -1"><span class='ocrx_word' id='word_1_248' title='bbox 546 3475 787 3524; x_wconf 71' lang='lat' dir='ltr'>accidisse</span> <span class='ocrx_word' id='word_1_249' title='bbox 817 3473 1087 3525; x_wconf 75' lang='lat' dir='ltr'>verisimile</span> <span class='ocrx_word' id='word_1_250' title='bbox 1117 3477 1217 3524; x_wconf 77' lang='lat' dir='ltr'>est.</span> <span class='ocrx_word' id='word_1_251' title='bbox 1312 3486 1323 3497; x_wconf 84' lang='lat'><strong>·</strong></span> <span class='ocrx_word' id='word_1_252' title='bbox 1638 3494 1646 3502; x_wconf 92' lang='lat'><strong>·</strong></span> 
     </span>
    </p>

    <p class='ocr_par' dir='ltr' id='par_1_8' title="bbox 423 3595 2625 3937">
     <span class='ocr_line' id='line_1_32' title="bbox 423 3595 2624 3666; baseline 0.003 -22"><span class='ocrx_word' id='word_1_253' title='bbox 423 3595 516 3655; x_wconf 77' lang='lat'>81)</span> <span class='ocrx_word' id='word_1_254' title='bbox 551 3598 634 3646; x_wconf 84' lang='lat' dir='ltr'>De</span> <span class='ocrx_word' id='word_1_255' title='bbox 669 3598 938 3648; x_wconf 83' lang='lat' dir='ltr'>Strabonis</span> <span class='ocrx_word' id='word_1_256' title='bbox 968 3597 1082 3648; x_wconf 83' lang='lat' dir='ltr'>loco</span> <span class='ocrx_word' id='word_1_257' title='bbox 1114 3599 1327 3648; x_wconf 79' lang='lat' dir='ltr'>eandem</span> <span class='ocrx_word' id='word_1_258' title='bbox 1360 3612 1478 3649; x_wconf 84' lang='lat' dir='ltr'>esse</span> <span class='ocrx_word' id='word_1_259' title='bbox 1507 3599 1708 3665; x_wconf 77' lang='lat' dir='ltr'>gaudeo</span> <span class='ocrx_word' id='word_1_260' title='bbox 1744 3599 1840 3649; x_wconf 84' lang='lat' dir='ltr'>od.</span> <span class='ocrx_word' id='word_1_261' title='bbox 1871 3600 2108 3651; x_wconf 86' lang='lat' dir='ltr'>Muelleri</span> <span class='ocrx_word' id='word_1_262' title='bbox 2148 3596 2480 3666; x_wconf 69' lang='lat' dir='ltr'>sententiam,</span> <span class='ocrx_word' id='word_1_263' title='bbox 2528 3615 2624 3650; x_wconf 85' lang='lat' dir='ltr'>ex-</span> 
     </span>
     <span class='ocr_line' id='line_1_33' title="bbox 543 3687 2625 3757; baseline 0.001 -21"><span class='ocrx_word' id='word_1_264' title='bbox 543 3689 763 3749; x_wconf 74' lang='lat' dir='ltr'>positam</span> <span class='ocrx_word' id='word_1_265' title='bbox 806 3689 858 3738; x_wconf 85' lang='lat' dir='ltr'>in</span> <span class='ocrx_word' id='word_1_266' title='bbox 905 3689 1118 3740; x_wconf 81' lang='lat' dir='ltr'>historia</span> <span class='ocrx_word' id='word_1_267' title='bbox 1147 3690 1402 3740; x_wconf 82' lang='lat' dir='ltr'>literarum</span> <span class='ocrx_word' id='word_1_268' title='bbox 1435 3687 1741 3740; x_wconf 75' lang='lat' dir='ltr'>Graecarum</span> <span class='ocrx_word' id='word_1_269' title='bbox 1789 3692 1843 3740; x_wconf 85' lang='lat' dir='ltr'>in</span> <span class='ocrx_word' id='word_1_270' title='bbox 1873 3692 2162 3757; x_wconf 76' lang='lat' dir='ltr'>Anglormn</span> <span class='ocrx_word' id='word_1_271' title='bbox 2208 3702 2360 3740; x_wconf 83' lang='lat' dir='ltr'>usum</span> <span class='ocrx_word' id='word_1_272' title='bbox 2406 3690 2625 3757; x_wconf 74' lang='lat' dir='ltr'>scripta,</span> 
     </span>
     <span class='ocr_line' id='line_1_34' title="bbox 545 3771 2624 3850; baseline 0.001 -23"><span class='ocrx_word' id='word_1_273' title='bbox 545 3789 695 3837; x_wconf 83' lang='lat' dir='ltr'>quam</span> <span class='ocrx_word' id='word_1_274' title='bbox 735 3792 887 3834; x_wconf 68' lang='lat' dir='ltr'>manu</span> <span class='ocrx_word' id='word_1_275' title='bbox 917 3780 1013 3828; x_wconf 78' lang='lat' dir='ltr'>scri</span> <span class='ocrx_word' id='word_1_276' title='bbox 1051 3784 1153 3828; x_wconf 79' lang='lat' dir='ltr'>tam</span> <span class='ocrx_word' id='word_1_277' title='bbox 1187 3779 1478 3841; x_wconf 87' lang='lat' dir='ltr'>inspiciendi</span> <span class='ocrx_word' id='word_1_278' title='bbox 1509 3780 1661 3850; x_wconf 63' lang='lat' dir='ltr'>venia</span> <span class='ocrx_word' id='word_1_279' title='bbox 1700 3776 1820 3830; x_wconf 86' lang='lat' dir='ltr'>mihi</span> <span class='ocrx_word' id='word_1_280' title='bbox 1862 3782 1981 3831; x_wconf 85' lang='lat' dir='ltr'>data</span> <span class='ocrx_word' id='word_1_281' title='bbox 2026 3771 2155 3831; x_wconf 77' lang='lat' dir='ltr'>erat.</span> <span class='ocrx_word' id='word_1_282' title='bbox 2222 3783 2413 3830; x_wconf 71' lang='lat' dir='ltr'>&#39;freres</span> <span class='ocrx_word' id='word_1_283' title='bbox 2446 3783 2624 3830; x_wconf 80' lang='lat' dir='ltr'>tamen</span> 
     </span>
     <span class='ocr_line' id='line_1_35' title="bbox 546 3865 2622 3937; baseline 0.002 -21"><span class='ocrx_word' id='word_1_284' title='bbox 546 3881 577 3915; x_wconf 85' lang='lat' dir='ltr'>a</span> <span class='ocrx_word' id='word_1_285' title='bbox 613 3865 898 3918; x_wconf 82' lang='lat' dir='ltr'>Cimmeriis</span> <span class='ocrx_word' id='word_1_286' title='bbox 940 3882 1007 3920; x_wconf 83' lang='lat' dir='ltr'>ex</span> <span class='ocrx_word' id='word_1_287' title='bbox 1090 3871 1164 3919; x_wconf 76' lang='lat' dir='ltr'>sia</span> <span class='ocrx_word' id='word_1_288' title='bbox 1205 3871 1446 3932; x_wconf 80' lang='lat' dir='ltr'>expulsos</span> <span class='ocrx_word' id='word_1_289' title='bbox 1493 3885 1641 3937; x_wconf 84' lang='lat' dir='ltr'>esse,</span> <span class='ocrx_word' id='word_1_290' title='bbox 1703 3885 1732 3920; x_wconf 92' lang='lat' dir='ltr'>e</span> <span class='ocrx_word' id='word_1_291' title='bbox 1768 3872 2036 3922; x_wconf 82' lang='lat' dir='ltr'>Strabonis</span> <span class='ocrx_word' id='word_1_292' title='bbox 2067 3874 2270 3937; x_wconf 83' lang='lat' dir='ltr'>verbis,</span> <span class='ocrx_word' id='word_1_293' title='bbox 2316 3872 2381 3920; x_wconf 88' lang='lat' dir='ltr'>de</span> <span class='ocrx_word' id='word_1_294' title='bbox 2434 3873 2622 3932; x_wconf 86' lang='lat' dir='ltr'>quibus</span> 
     </span>
    </p>

    <p class='ocr_par' dir='ltr' id='par_1_9' title="bbox 453 3954 2623 4113">
     <span class='ocr_line' id='line_1_36' title="bbox 453 3954 2623 4037; baseline 0.002 -31"><span class='ocrx_word' id='word_1_295' title='bbox 453 4024 467 4037; x_wconf 47' lang='lat'>,</span> <span class='ocrx_word' id='word_1_296' title='bbox 581 3954 695 4004; x_wconf 74' lang='lat'>.19</span> <span class='ocrx_word' id='word_1_297' title='bbox 727 3957 944 4026; x_wconf 82' lang='lat' dir='ltr'>egimus,</span> <span class='ocrx_word' id='word_1_298' title='bbox 993 3960 1197 4026; x_wconf 77' lang='lat' dir='ltr'>colligit.</span> <span class='ocrx_word' id='word_1_299' title='bbox 1263 3959 1506 4012; x_wconf 81' lang='lat' dir='ltr'>Ceterum</span> <span class='ocrx_word' id='word_1_300' title='bbox 1538 3963 1618 4010; x_wconf 80' lang='lat' dir='ltr'>his</span> <span class='ocrx_word' id='word_1_301' title='bbox 1649 3962 1773 4012; x_wconf 86' lang='lat' dir='ltr'>locis</span> <span class='ocrx_word' id='word_1_302' title='bbox 1806 3977 1908 4013; x_wconf 88' lang='lat' dir='ltr'>non</span> <span class='ocrx_word' id='word_1_303' title='bbox 1940 3968 2224 4013; x_wconf 85' lang='lat' dir='ltr'>commotus</span> <span class='ocrx_word' id='word_1_304' title='bbox 2269 3966 2354 4013; x_wconf 86' lang='lat' dir='ltr'>est</span> <span class='ocrx_word' id='word_1_305' title='bbox 2385 3962 2471 4011; x_wconf 80' lang='lat' dir='ltr'>vir</span> <span class='ocrx_word' id='word_1_306' title='bbox 2520 3964 2623 4011; x_wconf 90' lang='lat' dir='ltr'>do-</span> 
     </span>
     <span class='ocr_line' id='line_1_37' title="bbox 545 4046 2277 4113; baseline 0.003 -19"><span class='ocrx_word' id='word_1_307' title='bbox 545 4046 821 4111; x_wconf 64' lang='lat' dir='ltr'>aiseium,</span> <span class='ocrx_word' id='word_1_308' title='bbox 852 4052 913 4097; x_wconf 86' lang='lat' dir='ltr'>ut</span> <span class='ocrx_word' id='word_1_309' title='bbox 943 4048 1298 4102; x_wconf 80' lang='lat' dir='ltr'>Archilochum</span> <span class='ocrx_word' id='word_1_310' title='bbox 1331 4050 1528 4104; x_wconf 68' lang='lat' dir='ltr'>collino</span> <span class='ocrx_word' id='word_1_311' title='bbox 1563 4054 1785 4113; x_wconf 86' lang='lat' dir='ltr'>priorem</span> <span class='ocrx_word' id='word_1_312' title='bbox 1820 4054 1980 4104; x_wconf 76' lang='lat' dir='ltr'>fuisse</span> <span class='ocrx_word' id='word_1_313' title='bbox 2013 4057 2277 4108; x_wconf 78' lang='lat' dir='ltr'>statueret.</span> 
     </span>
    </p>
   </div>
   <div class='ocr_carea' id='block_1_7' title="bbox 331 4127 1242 4228">
    <p class='ocr_par' dir='ltr' id='par_1_10' title="bbox 331 4127 1242 4228">
     <span class='ocr_line' id='line_1_38' title="bbox 331 4127 1242 4228; baseline 0.01 -19"><span class='ocrx_word' id='word_1_314' title='bbox 331 4127 340 4137; x_wconf 67' lang='grc'>’</span> <span class='ocrx_word' id='word_1_315' title='bbox 408 4160 505 4218; x_wconf 67' lang='lat' dir='ltr'>an</span> <span class='ocrx_word' id='word_1_316' title='bbox 543 4163 627 4212; x_wconf 75' lang='lat' dir='ltr'>cr</span> <span class='ocrx_word' id='word_1_317' title='bbox 660 4162 874 4212; x_wconf 66' lang='lat' dir='ltr'>Franci:</span> <span class='ocrx_word' id='word_1_318' title='bbox 913 4168 1041 4218; x_wconf 70' lang='lat'>0211.</span> <span class='ocrx_word' id='word_1_319' title='bbox 1077 4184 1128 4228; x_wconf 78' lang='lat' dir='ltr'>p.</span> <span class='ocrx_word' id='word_1_320' title='bbox 1165 4172 1242 4220; x_wconf 74' lang='lat'>95.</span> 
     </span>
    </p>
   </div>
   <div class='ocr_carea' id='block_1_8' title="bbox 2765 379 2774 4748">
    <p class='ocr_par' dir='ltr' id='par_1_11' title="bbox 2765 379 2774 4748">
     <span class='ocr_line' id='line_1_39' title="bbox 2765 379 2774 4748; baseline 0 0"><span class='ocrx_word' id='word_1_321' title='bbox 2765 379 2774 4748; x_wconf 95' lang='lat' dir='ltr'> </span> 
     </span>
    </p>
   </div>
  </div>
 </body>
</html>
