2800 4775
359 217 441 267 IV

353 377 666 478 possint,
733 374 858 473 qui
903 376 1165 472 postea
1228 368 1535 447 eandem
1591 392 1744 448 rem
1814 374 2265 471 investigare
2340 373 2595 466 velint,

352 506 433 577 ut
480 500 739 592 omnia,
790 516 982 595 quae
1028 493 1270 573 adhuc
1311 496 1693 597 explorata
1723 499 1888 591 sint,
1938 498 2253 574 collecta
2302 503 2379 575 et
2427 521 2598 575 cer-

350 635 500 702 tum
545 623 862 702 habeant
910 621 1467 716 fundamentum,
1514 624 1592 696 in
1640 642 1783 718 quo
1831 624 1960 696 niti
1991 625 2287 721 possint,
2388 620 2601 722 Opus

353 753 576 851 igitur
624 755 821 844 erat,
878 754 958 830 ut
1007 770 1196 846 quae
1246 747 1375 822 alii
1422 743 1933 846 indagassent,
1989 749 2065 822 in
2112 770 2344 822 meum
2390 771 2602 822 usum

356 881 885 969 converterem,
937 893 1363 972 quanquam,
1412 889 1507 946 ne
1540 869 1783 947 aliena
1817 896 1951 972 pro
1984 876 2165 948 meis
2211 869 2603 949 venditare

354 1000 690 1095 viderer,
764 999 1030 1097 quibus
1106 1022 1201 1075 ea
1264 996 1610 1075 deberem
1626 1050 1649 1091 ,
1711 1019 1856 1072 non
1925 995 2409 1090 dissimulavi3
2477 1001 2602 1094 qui

355 1149 542 1204 vero
590 1125 729 1202 has
774 1147 903 1201 res
952 1125 1394 1224 perscrutari
1425 1109 1698 1215 velint,
1748 1144 1863 1196 me
1912 1145 2057 1196 non
2113 1123 2417 1198 aliorum
2465 1146 2601 1195 au-

357 1254 758 1330 ctoritatem
825 1272 994 1325 esse
1042 1253 1368 1325 secutum
1432 1245 1864 1345 intelligent.
1965 1245 2196 1337 Quam
2261 1253 2604 1349 proposui

354 1379 779 1455 sententiam
826 1398 973 1452 non
1019 1375 1122 1448 ita
1170 1394 1340 1449 esse
1391 1377 1877 1476 comparatam
1894 1426 1916 1467 ,
1965 1377 2046 1471 ut
2094 1395 2345 1449 omnes
2391 1380 2605 1451 tene-

353 1501 535 1580 brae
584 1501 679 1578 ab
729 1499 875 1575 hac
924 1521 1009 1575 re
1085 1503 1406 1574 remotae
1479 1499 1625 1572 sint
1640 1546 1678 1591 r
1729 1519 1942 1573 nemo
1991 1520 2106 1574 me
2166 1500 2325 1599 ipso
2372 1502 2608 1597 magis

354 1628 610 1718 sentit3
672 1629 912 1700 tamen
962 1644 1054 1698 ea
1118 1620 1219 1697 ad
1266 1626 1598 1699 veterum
1647 1624 2075 1724 scriptorum
2122 1623 2335 1701 locos
2382 1628 2455 1730 et
2504 1620 2608 1699 ad

290 1779 293 1782 ·
355 1746 1055 1826 verisimilitudinem
1138 1767 1349 1846 quam
1422 1749 1753 1848 proxime
1836 1747 2205 1826 accedere
2273 1748 2612 1843 videtur,

356 1872 703 1952 nonnulla
753 1875 967 1950 etiam
1015 1895 1209 1951 nunc
1258 1870 1654 1951 omittenda
1703 1880 1911 1949 erant
1924 1929 1946 1970 ,
2012 1877 2423 1953 accuratius
2473 1898 2613 1951 ex-

357 1995 734 2102 ponenda,
810 1999 933 2076 ubi
982 2003 1204 2074 totam
1255 1998 1551 2099 elegiae
1619 1996 2025 2095 historiam,
2088 2005 2170 2076 ut
2232 2001 2327 2075 in'
2373 2002 2615 2076 animo
2761 2055 2762 2066 x

358 2130 513 2220 est,
589 2126 934 2224 persequi
994 2147 1426 2202 concessum
1492 2126 1667 2221 erit,
1737 2122 1821 2199 id
1893 2122 2090 2221 quod
2163 2123 2475 2199 maxime
2525 2127 2618 2199 in
2761 2183 2762 2220 ³

358 2252 677 2347 quintum
743 2254 962 2351 caput
1028 2249 1270 2346 cadit,
1336 2252 1415 2326 in
1483 2272 1625 2348 quo
1692 2249 1914 2324 multa
1978 2251 2209 2349 magis
2267 2243 2614 2337 indicata,
2761 2297 2762 2312 2

357 2396 568 2475 quam
616 2376 719 2455 ad
766 2378 1103 2455 amussim
1153 2377 1553 2479 explanata
1598 2381 1787 2453 sunt.
1837 2421 1937 2477 7-
2012 2375 2229 2454 Haec
2278 2393 2616 2474 praemo-
2761 2392 2762 2407 ¹

354 2501 601 2580 nenda
650 2510 858 2578 erant
875 2558 898 2596 ,
946 2524 1045 2576 ne
1092 2507 1257 2595 quis
1294 2500 1644 2599 afflone
1702 2498 2211 2599 praejudicata
2274 2497 2375 2570 ad
2421 2496 2619 2571 hunc

357 2626 686 2705 libellum
734 2623 1160 2712 accederet,
1222 2627 1381 2718 jam
1445 2622 1588 2717 ipsi
1638 2642 1865 2693 causa
1912 2644 2050 2692 sua
2098 2616 2395 2717 agenda
2446 2619 2608 2692 erit.

524 2747 916 2840 Reliquum
965 2748 1106 2835 est,
1154 2747 1235 2814 ut
1282 2742 1583 2845 gratias,
1614 2763 1828 2839 agam
1876 2743 2062 2818 viris
2119 2738 2215 2817 de
2264 2741 2411 2820 hoc
2458 2746 2617 2819 stu-
2761 2748 2762 2751 '

368 2873 647 2949 diorum
696 2889 1014 2943 meorum
1044 2867 1442 2966 specimine
1474 2866 1665 2944 bene
1697 2868 1989 2962 meritis,
2040 2888 2229 2965 quae
2280 2874 2619 2965 quantum

360 2994 818 3076 emolumenti
867 2993 1225 3092 ceperint,
1273 3010 1504 3091 quum
1552 2988 1949 3093 Gottingae
1999 3015 2376 3089 versarer,
2426 3015 2471 3070 e
2524 2989 2619 3070 G.
2761 3058 2762 3093 i

362 3121 457 3200 0.
505 3117 858 3197 Muelleri
903 3115 1343 3197 liberalitate
1405 3121 1487 3192 et
1551 3138 1597 3192 e
1646 3114 2028 3193 Leutschii
2093 3115 2623 3195 consuetudine
2761 3096 2762 3129 ¹

364 3271 513 3326 non
558 3244 981 3337 dissImu103
1032 3239 1124 3320 O.
1174 3243 1301 3319 Εἰ.
1354 3242 1798 3337 Hermanno,
1850 3261 1996 3340 quo
2041 3267 2179 3344 per
2210 3243 2623 3344 complures
2761 3276 2762 3311 ;

366 3394 596 3449 annos
626 3394 804 3445 usus
835 3392 992 3445 sum
1023 3373 1528 3470 praeceptore,
1580 3387 1770 3464 quae
1811 3364 2141 3463 debeam,
2193 3391 2383 3467 quae
2414 3388 2622 3443 meae
2761 3370 2762 3373 ‘

364 3499 597 3596 ipsius
646 3517 943 3596 operae,
996 3497 1134 3571 vix
1181 3517 1477 3594 possum
1525 3491 1972 3616 discernere.

519 3643 904 3749 'Cassellis
953 3665 1201 3722 mense
1250 3642 1499 3745 Aprili
1549 3642 2332 3723 MDCCCXXXVII.
2443 3628 2444 3631 ¹
