2800 4775
2283 293 2288 296 Α
2320 209 2420 283 57

188 395 435 465 suniam
476 402 545 461 et
580 395 789 479 ipsum
829 393 1093 460 alter-mn
1150 390 1408 457 verbum
1463 408 1575 474 pro
1607 390 1813 458 altero
1866 388 2173 472 posuisse
2228 365 2420 465 videss·

188 506 407 570 rimus.
487 502 625 568 Sin
647 522 807 569 vero
870 499 1272 583 conceditur,
1330 491 1596 583 ἐλέγους
1648 494 1854 564 fuisse
1914 497 2027 578 qui
2078 494 2210 562 illis
2260 497 2442 572 viris

188 610 571 693 tribuuntur,
627 612 713 675 iis
749 612 1072 674 neminem
1112 610 1205 672 uti
1245 625 1448 690 posse
1486 615 1777 691 apparet,
1829 614 1901 674 ut
1937 604 2240 689 elegiaca
2269 607 2424 677 car·-¹

189 717 365 784 mina
396 735 547 785 cun
585 715 769 785 tibiis
806 715 1141 798 conjuncta
1178 715 1384 780 fuisse
1424 712 1731 786 ostendat
2398 745 2409 754 ·

354 873 539 954 Quae
580 893 769 956 quum
812 874 899 938 ita
943 874 1104 955 sint,
1167 871 1519 956 praefracte
1574 865 1826 955 quidem
1866 867 2089 957 negari
2126 889 2252 937 non
2291 891 2419 957 po-

184 992 336 1068 test,
377 977 622 1064 elegias
648 983 726 1046 ab
767 982 943 1046 initio
979 975 1119 1045 cum
1161 981 1335 1045 tibiis
1361 980 1729 1061 conjunctas
1753 978 1977 1063 fuisse,
2017 969 2134 1045 sed
2164 981 2418 1046 etiamsi

183 1087 314 1153 hoc
357 1086 775 1170 concedatur,
827 1089 984 1152 nibil
1029 1090 1174 1151 iude
1216 1106 1352 1171 seq
1358 1090 1400 1152 »i
1443 1090 1523 1152 de
1583 1088 1949 1173 lugubribus
1989 1088 2238 1171 elegiae
2276 1088 2416 1172 pri-
2495 1155 2508 1168 f

183 1197 450 1260 mordiis
509 1198 826 1283 vidimus,
887 1216 1084 1277 quum
1140 1195 1379 1277 majore
1448 1196 1636 1260 etiam
1701 1193 1846 1277 jure
1905 1196 2124 1261 dicere
2188 1196 2417 1280 aliquis

182 1303 412 1385 possit,
456 1325 599 1369 eam
657 1306 833 1369 initio
875 1323 1018 1368 cum
1061 1307 1232 1370 tibiis
1271 1304 1557 1388 bellicis,
1620 1304 1898 1372 diversis
1955 1305 2083 1370 illis
2143 1325 2184 1369 a
2241 1305 2440 1396 tibiis,

183 1411 487 1494 obliquis,
548 1413 775 1495 quibus
826 1415 892 1477 iu
932 1411 1257 1478 funeribus
1297 1419 1555 1477 veteres
1597 1413 1959 1494 utebantur,
2018 1403 2413 1493 conjunctam

179 1505 410 1583 fuisse.

346 1661 451 1726 Ex
486 1660 597 1746 iis,
639 1681 804 1747 qnae
841 1662 972 1729 huc
1012 1682 1219 1747 usque
1243 1662 1564 1745 disputata
1589 1671 1765 1748 sunt,
1802 1680 2111 1746 apparere
2143 1660 2415 1738 videtur,

178 1768 410 1852 nullam
449 1789 582 1836 rem
625 1789 816 1857 esse,
875 1791 1041 1854 quae
1100 1791 1220 1836 uos
1273 1781 1499 1854 cogat,
1559 1780 1631 1835 ut
1669 1790 1710 1835 a
1751 1770 2029 1854 querelis
2070 1768 2410 1834 distichum

176 1875 539 1962 elegiacum
576 1873 924 1962 prefectum
978 1898 1132 1945 esse
1174 1879 1480 1945 dicamne.
1566 1877 1754 1959 Quod
1808 1878 1935 1946 nisi
1997 1874 2413 1944 demonstrari

115 1997 121 2002 ·
176 1994 393 2066 petest
408 2029 431 2070 ,
472 1988 771 2069 profecte
809 2007 936 2052 nen
974 1998 1079 2053 est
1117 2006 1230 2052 cur
1268 1990 1350 2053 ab
1389 1989 1477 2052 iis
1513 1989 1702 2053 rebus
1716 2031 1737 2074 ,
1802 2003 1968 2070 quae
2006 1986 2073 2052 in
2110 1983 2412 2068 historico

178 2092 433 2173 positae
473 2102 623 2156 aunt
661 2092 1086 2177 fundamento,
1126 2094 1549 2160 discedamus.
1631 2093 1842 2174 Quum
1887 2112 2045 2158 vero
2081 2110 2411 2180 gramma-

176 2198 444 2270 ticorum
490 2196 801 2282 judicium
862 2222 945 2265 ex
999 2201 1207 2284 ipsius
1256 2202 1527 2266 nominis
1586 2201 1999 2286 originatione
2048 2210 2247 2265 ortum
2299 2200 2410 2284 sit,

173 2305 337 2370 nihil
375 2305 440 2372 in
482 2308 748 2393 elegiaci
790 2310 1102 2393 poematis
1163 2307 1425 2374 historia
1466 2318 1708 2378 certum
1748 2328 1903 2373 esse
1942 2307 2227 2391 videtur,
2281 2308 2414 2372 nisi

176 2416 350 2500 quod
392 2437 477 2480 ex
517 2417 681 2499 ipsis
718 2419 1065 2483 carminum
1120 2418 1501 2502 fragmentis
1558 2419 1665 2482 vel
1714 2417 1802 2481 iis
1836 2416 2062 2497 rebus,
2123 2435 2288 2499 quae
2327 2415 2411 2483 de

178 2522 498 2606 elegiacis
539 2527 747 2607 poetis
775 2523 1118 2609 traduntur,
1159 2526 1529 2611 colligatum
1566 2534 1633 2590 et
1656 2543 1846 2609 quum
1870 2521 2192 2607 antiquius
2221 2540 2412 2608 quam

179 2631 409 2713 Callini
448 2642 515 2697 et
553 2632 920 2699 Archilochi
960 2652 1176 2716 neque
1205 2653 1436 2698 nomen
1476 2653 1683 2717 neque
1720 2633 2137 2719 fragmentum
2176 2639 2409 2715 exstet,

176 2737 257 2827 hi·
280 2738 424 2822 jure
462 2742 812 2824 meritoque
853 2742 1268 2841 possessione
1325 2762 1447 2806 sua
1487 2750 1765 2824 utentur,
1819 2741 2021 2807 denec
2059 2739 2224 2807 alios
2264 2759 2406 2813 ma-

163 2845 312 2929 jore
356 2846 498 2929 jure
560 2867 705 2914 eam
758 2849 883 2913 sibi
945 2849 1268 2915 vindicare
1321 2850 1816 2916 demonstratum
1878 2850 2088 2917 fuerit·
2190 2851 2405 2933 Atque

176 2956 459 3021 nonnulli
497 2955 687 3021 etiam
726 2975 943 3020 eorum
957 3001 978 3044 ,
1041 2958 1146 3040 qui
1205 2978 1247 3023 a
1306 2960 1675 3041 lugubribus
1736 2960 1985 3043 elegiae
2045 2958 2405 3044 primordiis

175 3061 617 3144 egrediuntur,
678 3064 1066 3144 concedunt,
1125 3076 1389 3130 metrum
1433 3068 1516 3132 ad
1570 3068 1728 3132 artis
1780 3076 2120 3150 praecepta
2156 3069 2238 3141 ab
2275 3067 2405 3133 illis

174 3169 432 3234 demum
474 3173 681 3253 poetis
718 3185 1089 3237 revocatum
1129 3195 1318 3258 esse,
1381 3175 1502 3239 scd
1542 3174 1618 3240 id.
1649 3195 1774 3239 non
1836 3174 2171 3257 prohibere
2192 3216 2216 3259 ‚
2276 3193 2403 3255 quo

175 3274 387 3341 minus
428 3289 617 3343 antea
655 3277 780 3362 jam
821 3282 1054 3346 similia
1112 3292 1350 3347 tentata
1389 3286 1521 3346 sint
1562 3292 1628 3347 et
1666 3283 1938 3366 analoga
1976 3281 2197 3345 nescio
2236 3299 2403 3363 quae

177 3385 376 3449 forma
417 3397 630 3451 certae
669 3390 975 3479 metricae
1017 3392 1280 3455 rationis
1327 3407 1562 3473 expers
1602 3392 1666 3453 in
1709 3388 2089 3453 carminibus
2129 3388 2402 3469 popula·-

175 3493 350 3557 rihus
389 3494 683 3578 viguerit.
765 3495 953 3576 Quod
996 3499 1145 3580 quid
1188 3498 1384 3563 faciat
1423 3495 1508 3560 ad
1535 3499 1854 3561 literarum
1879 3495 2230 3578 historiam,
2271 3512 2399 3559 non

170 3600 405 3682 liquet3
468 3602 593 3666 nisi
654 3605 823 3668 enim
883 3616 1055 3670 certa
1116 3608 1317 3670 forma
1376 3605 1642 3669 metrica
1703 3613 1875 3688 erat,
1930 3610 2224 3685 poemata
2272 3621 2400 3668 non

172 3717 383 3792 erant,
435 3719 501 3774 et
541 3711 647 3793 qui
687 3712 947 3777 forsitan
990 3717 1054 3777 in
1097 3714 1432 3778 cantilenis
1468 3712 1871 3796 popularibus
1921 3711 2170 3774 inerant
2206 3710 2399 3791 modi,

170 3813 218 3880 ii
259 3816 541 3911 profecto
580 3839 702 3883 non
765 3831 1066 3904 tunquam⁶
1103 3823 1282 3886 initia
1322 3821 1462 3902 ejus
1500 3821 1797 3904 generis,
1856 3816 2039 3900 cujus
2101 3819 2272 3882 notio
2331 3821 2396 3886 in

128 3978 131 3985 .
169 3925 315 4009 ipsa
354 3925 552 3991 forma
587 3928 854 3993 metrica
894 3930 1019 3992 sita
1062 3940 1201 4009 est,
1260 3930 1536 4012 proferri,
1566 3938 1856 4012 possunt.
1936 3928 2169 4009 Neque
2208 3929 2396 3992 audi-

170 4030 321 4097 endi
361 4043 511 4099 sunt
543 4034 617 4118 ii,
653 4038 763 4118 qui
803 4057 842 4100 e
881 4039 1101 4102 metris
1136 4039 1709 4123 antiquissimarum
1753 4037 2230 4121 cantilenarum,
2268 4056 2393 4101 nu-

167 4156 482 4204 merorum
558 4143 809 4228 legibus
875 4144 1139 4227 solutis,
1197 4147 1496 4212 adhibitis
1558 4155 1628 4210 ut
1685 4162 1884 4211 casus
1936 4154 2048 4212 aut
2104 4147 2394 4227 canentis

168 4249 494 4331 ingenium
536 4250 761 4337 ferret,
821 4252 1081 4335 lyricam
1143 4255 1364 4337 poesin
1427 4273 1577 4322 esse
1631 4273 2040 4342 progressam
2079 4255 2392 4322 arbitran-
