2800 4775
374 140 422 213 4

373 327 441 386 et
480 322 797 407 Tyrtaeus
852 322 1132 389 carmina
1173 323 1393 390 bellica
1435 326 1935 409 composuerint3
1972 323 2411 394 Mimnermum
2453 329 2621 412 pri-

370 446 541 496 mum
582 430 853 516 elegiam
895 428 1237 497 dulciorem
1278 442 1467 514 atque
1507 434 1851 498 molliorem
1891 434 2244 500 reddidisse
2283 437 2614 500 carmini-

367 536 487 602 bus
528 539 851 603 amatoriis
892 549 958 604 et
996 538 1232 605 teneris
1274 541 1577 626 querelis,
1633 542 1721 606 ita
1760 551 1831 605 ut
1871 542 1948 607 ab
1989 562 2066 606 eo
2109 543 2304 607 altera
2345 543 2612 610 carmi-

366 643 471 712 uis
510 644 781 730 elegiaci
820 646 1117 728 periodus
1159 646 1404 711 initium
1445 648 1762 730 habuerit3
1811 648 2034 713 tertiae
2074 648 2342 730 denique
2383 651 2609 735 origi-

364 772 511 817 nem
568 749 648 817 ad
690 752 1073 818 Simonidem
1128 755 1512 819 referendam
1555 774 1739 841 esse,
1795 758 1901 839 qui
1941 755 2307 840 lugubribus
2349 759 2604 822 earmi-

366 860 552 925 nibus
596 871 664 924 et
703 861 1176 943 epigrammatis
1219 862 1442 926 eodem
1496 872 1695 927 metro
1751 865 2121 946 compositis
2162 863 2464 946 effecerit,
2524 873 2604 929 ut

241 981 245 986 ·
364 968 777 1050 quodcunque
839 968 1179 1034 distichum
1245 967 1610 1034 hexametro
1691 978 2202 1052 pentametroque
2281 980 2599 1037 constans

362 1068 641 1159 ἐλεγεῖον
679 1075 1012 1140 diceretur.
1095 1074 1488 1142 Simonidem
1543 1078 1749 1158 ipsum
1791 1077 2051 1141 forsitan
2093 1077 2242 1142 ideo
2279 1077 2402 1143 hoc
2442 1099 2599 1143 me-

361 1194 458 1250 tro
501 1184 568 1247 in
608 1182 954 1249 threnodiis
995 1202 1183 1249 usum
1203 1202 1378 1265 esse,
1421 1182 1586 1266 quod
1626 1185 1924 1267 geminae
1958 1184 2149 1249 tibiae
2180 1184 2313 1265 jam
2355 1195 2488 1250 tum
2521 1189 2595 1251 iu

358 1293 681 1359 funeribus
741 1292 1016 1357 usitatae
1066 1289 1331 1371 fuerint3
1395 1310 1616 1355 verum
1682 1311 1825 1356 eum
1886 1311 2009 1355 non
2065 1292 2269 1356 solum
2309 1293 2596 1358 carmina

358 1400 745 1465 hexametris
785 1398 1339 1483 pentametrisque,
1384 1398 1502 1463 sed
1544 1398 1687 1464 aliis
1723 1399 1911 1462 etiam
1952 1400 2169 1464 metris
2214 1399 2597 1485 composita,

358 1507 544 1572 modo
585 1508 868 1594 lugubris
907 1517 1131 1572 essent
1169 1505 1540 1593 argumenti,
1588 1506 1836 1588 elegias
1876 1506 2121 1571 dixisse
2154 1505 2387 1586 videri3
2428 1501 2597 1571 ἑλέ-

353 1634 518 1699 yovc
559 1618 728 1679 enim
769 1614 926 1679 nihil
966 1632 1116 1678 esse
1157 1616 1282 1678 nisi
1322 1612 1601 1677 carmina
1640 1612 1944 1695 lugubria.
2028 1612 2235 1693 Quum
2275 1632 2432 1678 vero
2465 1615 2591 1680 Si-

357 1722 647 1787 monides
708 1722 831 1785 hoc
890 1721 1166 1785 maxime
1227 1729 1425 1785 metro
1483 1718 1550 1798 in
1614 1719 2057 1802 componendis
2114 1720 2587 1803 epigrammatis

359 1828 816 1912 sepulcralibus
858 1844 1018 1893 usus
1059 1830 1175 1909 sit,
1217 1830 1451 1891 factum
1494 1843 1666 1909 esse,
1706 1837 1777 1891 ut
1815 1836 2081 1891 metrum
2123 1826 2364 1912 ipsum,
2417 1830 2588 1912 quod

357 1944 588 2020 postea
628 1953 882 2017 semper
922 1934 1073 1999 huic
1113 1936 1261 1999 usui
1300 1935 1660 2014 inserviret,
1702 1928 1978 2018 ἐλεγεῖον
2018 1935 2455 2021 appellaretur,
2513 1946 2584 2001 et

358 2043 512 2109 tibia
553 2041 635 2107 ad
674 2042 889 2108 omnia
930 2044 1210 2108 carmina
1247 2043 1532 2126 lugubria
1572 2042 2029 2107 transferretur.
2067 2043 2090 2077 ¹
2103 2042 2157 2114 ¹]

434 2182 441 2188 ·
523 2152 597 2213 In
641 2171 857 2215 eorum
897 2170 1194 2234 numero,
1258 2152 1365 2232 qui
1407 2150 1488 2215 de
1529 2150 1803 2215 carmine
1845 2152 2131 2237 elegiaco
2172 2152 2581 2235 scripserunt,

357 2270 709 2344 sequuntur
768 2261 994 2325 fratres
1036 2257 1385 2353 Schlegelii
1416 2257 1547 2342 ¹²),
1601 2277 1680 2321 eo
1726 2259 2014 2326 ‚maxime
2052 2260 2298 2325 nomine
2335 2257 2453 2322 hac
2490 2257 2574 2324 de

356 2389 430 2433 re
470 2368 694 2452 meriti,
736 2368 900 2452 quod
941 2367 1280 2452 notionem,
1341 2385 1527 2451 quam
1571 2366 1720 2432 olim
1760 2366 1939 2432 multi
1980 2366 2063 2431 de
2105 2365 2313 2453 elegia
2351 2365 2578 2432 animis

355 2485 792 2562 conceperant,
837 2479 1025 2561 quasi
1063 2479 1325 2562 lugubre
1369 2494 1623 2543 carmen
1666 2486 1862 2554 esset,
1902 2474 2125 2538 falsam
2167 2492 2319 2538 esse
2358 2482 2579 2539 osten-

357 2585 614 2669 derunt,
678 2595 744 2648 et
803 2583 951 2667 quid
993 2583 1073 2647 de
1114 2583 1303 2664 hujus
1343 2581 1600 2661 generis
1641 2582 1881 2658 origine
1921 2586 1986 2639 et
2023 2594 2364 2656 progressu
2394 2577 2573 2657 judi-

357 2691 625 2757 candum
668 2692 773 2769 sit,
817 2688 1168 2751 accuratius
1209 2684 1621 2765 explicarunt.

448 2792 455 2799 ’
521 2793 848 2859 Conradus
889 2790 1315 2856 Schneiderus
1348 2785 1439 2858 ¹⁸)
1504 2790 1765 2866 primam
1808 2782 1974 2865 epici
2012 2784 2320 2865 poematis
2359 2796 2568 2854 muta.

386 3013 479 3079 11)
512 3012 795 3077 Boettigeri
828 3008 1117 3070 conjectura
1158 3011 1222 3058 ab
1257 3009 1484 3058 omnibus
1518 3009 1653 3073 sere,
1700 3007 1783 3069 qui
1815 3010 1909 3058 hac
1944 3009 2010 3058 de
2042 3022 2098 3059 re
2130 3008 2467 3077 scripserunt,
2507 3014 2564 3062 ut

514 3101 822 3166 ingeniosior
854 3114 1004 3159 quam
1035 3100 1204 3149 verior
1233 3098 1511 3160 improbata
1544 3103 1642 3149 est.
1711 3098 1795 3150 Cf.
1831 3100 2108 3150 Schneider
2137 3101 2188 3149 in
2221 3101 2419 3152 dissert.
2450 3115 2562 3152 mox

507 3191 794 3239 accuratius
826 3191 1159 3238 memoranda.
1191 3204 1244 3251 p.
1278 3189 1341 3239 13
1376 3203 1489 3250 sqq.
1552 3191 1767 3240 Franck.
1802 3191 1983 3242 Callin.
2014 3192 2256 3253 Append.
2312 3206 2365 3254 p.
2393 3191 2560 3256 116-

512 3276 631 3330 184.
697 3279 835 3328 Bach
867 3281 918 3328 in
950 3280 1335 3330 Zimmcrmanni
1360 3280 1739 3347 Schulzeitung.
1758 3281 1903 3333 1829.
1936 3296 1985 3343 p.
2022 3281 2168 3332 1098.
2237 3282 2425 3341 Osann.
2442 3284 2558 3334 Bei-

511 3369 661 3435 trige
694 3385 786 3420 zur
817 3371 1021 3422 Griech.
1053 3385 1107 3420 ιι.
1139 3372 1288 3421 Ram.
1319 3373 1751 3439 Literaturgesch.
1779 3376 1817 3424 1.
1853 3387 1903 3434 p.
1925 3370 2008 3421 11.
2074 3373 2230 3422 Ulrici
2264 3372 2447 3425 Gesch.
2474 3376 2560 3425 der

511 3462 714 3513 Hellen.
744 3463 1070 3512 Dichtkunst.
1101 3463 1169 3512 11.
1204 3476 1256 3522 p.
1281 3461 1395 3514 112.
1413 3487 1476 3501 --
1526 3463 1768 3513 Thiersch
1798 3465 1849 3514 in
1881 3464 2002 3513 Act.
2034 3463 2202 3523 philol.
2234 3464 2437 3514 Monac.
2466 3466 2555 3531 111,

513 3567 567 3616 p.
600 3553 699 3603 584
731 3569 844 3605 eam
873 3556 1086 3620 probat,
1134 3554 1283 3603 modo
1324 3566 1390 3604 ne
1436 3556 1547 3615 quis
1580 3555 1675 3604 sibi
1706 3556 1895 3622 fingat,
1953 3553 2231 3618 longiorem
2262 3566 2465 3605 versum
2494 3555 2556 3604 ad

511 3644 784 3714 sinistram,
816 3645 1098 3696 breviorem
1129 3645 1195 3694 ad
1226 3647 1453 3697 dextram
1483 3647 1656 3696 tibiam
1689 3650 1942 3696 canutum
1975 3657 2108 3694 esse.

380 3734 476 3794 12)
509 3736 658 3796 Ipsos
692 3751 865 3787 eorum
896 3737 1050 3786 libros
1080 3737 1375 3798 inspiciendi
1409 3737 1602 3785 occasio
1644 3738 1761 3786 mihi
1809 3735 1984 3786 defuit.
2049 3736 2120 3784 A.
2154 3734 2288 3785 Guil.
2326 3735 2553 3801 Schlegel

509 3826 709 3875 locutus
742 3832 824 3878 est
854 3829 949 3876 hac
982 3829 1044 3877 de
1077 3841 1132 3876 re
1163 3828 1241 3876 int
1298 3828 1616 3880 Vermischte
1649 3827 1906 3876 Schriften
1938 3828 1978 3874 Ι.
2010 3840 2062 3887 p.
2084 3827 2173 3892 883
2207 3827 2292 3876 Fr.
2328 3826 2553 3892 Schlegel

509 3916 563 3968 iu
596 3915 729 3976 Opp.
751 3919 850 3987 lv,
891 3930 943 3978 p.
964 3916 1048 3967 49.
1085 3918 1151 3966 cf.
1186 3916 1371 3969 Gesch.
1407 3919 1499 3970 der
1526 3916 1709 3969 Poesie
1739 3917 1834 3967 der
1865 3915 2114 3968 Griechen
2144 3919 2248 3967 und
2279 3917 2548 3984 nemer-1,

512 4022 567 4070 p.
600 4005 737 4055 218.-

380 4100 475 4162 18)
509 4099 678 4150 Ueber
711 4097 802 4144 das
834 4096 1089 4160 elegische
1121 4096 1335 4149 Gedicht
1368 4099 1459 4150 der
1489 4099 1753 4168 Hellenen,
1786 4098 1837 4150 in
1868 4099 2054 4151 Daubii
2088 4103 2140 4152 et
2165 4098 2409 4152 Creuzori
2423 4095 2549 4149 stu-

512 4186 644 4241 dien.
676 4184 770 4250 lv,
807 4197 861 4249 p·
885 4182 998 4233 1-
1014 4184 1096 4236 74.
