2800 4775
2327 121 2554 252 ra'¹

214 359 354 440 ipsa
381 359 639 426 docent·
718 359 1022 426 Attamen
1083 355 1467 424 carminibus
1522 358 1758 423 Jonum
1816 354 2037 441 lyricis
2095 375 2220 421 non
2273 357 2436 424 haec

210 466 407 531 forma
447 467 583 540 sola
625 474 786 548 erat,
823 464 943 529 sed
985 463 1174 534 iambi
1232 464 1423 529 etiam
1462 473 1532 530 et
1567 464 1853 529 trochaei
1914 474 1983 529 et
2034 463 2281 530 metrici
2321 483 2436 530 or-

214 571 411 638 dines.
433 595 473 639 e
512 572 793 638 diversis
833 572 1181 659 generibus
1221 571 1563 655 compositi
1576 616 1598 656 ,
1648 574 1740 638 ita
1778 581 1850 636 ut
1887 557 2166 640 diversis
2221 573 2288 638 in
2325 572 2437 640 di-

211 682 419 748 versis
479 683 872 766 argumentis
926 691 1246 747 uterentur
1305 682 1561 763 metris3
1622 698 1768 744 nam
1801 765 1808 772 ‚
1843 698 2034 762 quum
2086 678 2298 763 elegia
2351 679 2437 745 ad

208 788 454 872 opicum
512 790 794 855 maxime
852 808 1063 873 genus
1123 807 1201 854 se
1266 787 1680 872 adjungeret,
1731 787 1922 853 iambi
1971 790 2038 852 in
2086 787 2438 856 »irridendis

204 897 526 966 hominum
566 895 743 961 vitiis
783 905 849 961 et
888 899 954 961 in
994 898 1090 960 ira
1129 895 1442 962 conviciis
1481 894 1879 983 effundenda,
1936 874 2219 963 trochaei
2255 895 2437 963 initio

203 1006 282 1072 in.
300 1004 729 1090 ¹gravioribus*
755 1005 1307 1087 severioribusque
1367 1004 1563 1070 rebus
1602 1007 2043 1085 versabantur,
2059 1029 2068 1037 ·
2082 1023 2439 1090 quanquam

202 1131 358 1178 mox
411 1113 637 1204 iambis
676 1117 771 1178 uti
832 1120 1174 1196 coeperant
1219 1120 1447 1195 poetae
1486 1112 1553 1177 in
1603 1114 1793 1178 rebus
1850 1133 1891 1178 a
1948 1112 2187 1196 majore
2241 1113 2439 1178 anirni

206 1221 631 1290 concitatione
671 1220 896 1286 alienis
910 1262 932 1304 ,
965 1220 1085 1284 -ita
1147 1226 1216 1282 ut
1270 1218 1355 1282 ad
1414 1219 1768 1303 pedestrem
1812 1222 2022 1305 magis
2063 1222 2439 1289 accederent

199 1330 576 1414 orationem·
663 1327 797 1396 Sed
838 1329 1002 1393 haec
1042 1327 1252 1391 omnia
1273 1345 1533 1412 genera,
1575 1329 1804 1410 quibus
1837 1330 2044 1394 Jones
2082 1331 2438 1412 utebantur,

200 1453 242 1528 a
283 1434 527 1501 ceteris
571 1434 955 1501 carminibus
994 1434 1214 1518 lyricis
1276 1453 1401 1500 non
1437 1436 1640 1501 forma
1679 1438 1843 1518 sola,
1884 1436 2005 1526 sed
2044 1455 2125 1500 ea
2163 1436 2306 1519 ipsa
2344 1455 2440 1517 re,

198 1561 369 1625 qnae
425 1552 600 1612 arcte
654 1560 798 1607 cum
854 1543 1091 1607 formae
1142 1542 1519 1609 diversitate
1555 1544 1889 1623 cohaeret,
1951 1543 2439 1629 distinguuntur,

199 1650 372 1733 quod
435 1652 671 1718 Jonum
723 1660 873 1715 sunt
921 1652 1205 1735 propria,
1268 1670 1461 1734 quum
1522 1652 1631 1717 illa
1683 1652 1790 1717 vel
1847 1653 2254 1717 Doriensium
2309 1653 2442 1716 sint
2521 1675 2534 1682 “

190 1761 308 1823 vel
348 1759 647 1842 Aeolum,
685 1778 725 1822 e
767 1778 1029 1842 quarum
1067 1761 1349 1842 gentium
1407 1737 1694 1825 moribus
1728 1760 1933 1825 omnis
1993 1758 2439 1826 dissimilitudo

198 1866 578 1949 explicatur.
680 1866 824 1932 Etsi
893 1866 1060 1932 enim
1123 1869 1249 1932 hae
1309 1867 1552 1933 formae
1632 1851 1956 1933 liberiores
2032 1877 2184 1933 sunt
2242 1885 2439 1932 versu

197 1973 385 2055 epico
402 2019 425 2057 ‚
470 1981 680 2038 tamen
702 1975 862 2037 ultra
902 1973 1328 2057 simplicitatis
1364 1973 1693 2056 cujusdam
1730 1977 1898 2040 fines
1929 1993 2057 2039 non
2096 1974 2439 2059 egrediun-

194 2090 324 2164 tur,
342 2147 345 2150 ,
366 2097 561 2162 quum
601 2080 968 2146 Doricorum
1009 2088 1076 2144 et
1114 2076 1523 2156 Aeolicorum
1563 2065 1919 2168 poetarum,
1980 2085 2088 2165 qui
2127 2082 2440 2157 communi
2551 2125 2574 2146 χ

192 2188 460 2254 nomine
499 2188 715 2254 melici
757 2184 1073 2269 dicuntur,
1114 2185 1179 2252 id
1220 2188 1433 2270 ipsum
1474 2190 1789 2271 proprium
1830 2189 1954 2273 sit,
1996 2188 2162 2272 quod
2204 2189 2440 2272 maiore

190 2298 497 2366 libertate
571 2298 639 2364 in
700 2294 1106 2362 dissecandis
1181 2293 1760 2379 componendisque
1824 2296 2048 2361 metris
2113 2295 2439 2376 fruuntur3

193 2407 558 2487 eademque
597 2414 1105 2488 argumentorum
1157 2421 1357 2469 causa
1397 2414 1537 2487 est,
1597 2421 1760 2487 quae
1813 2404 2049 2486 pariter
2086 2412 2276 2486 atque
2314 2422 2438 2466 ex-

190 2523 382 2582 terna
423 2513 630 2579 forma
668 2533 780 2596 pro
821 2512 1083 2579 diversa
1121 2511 1404 2597 gentium
1442 2520 1668 2576 natura
1722 2511 1981 2577 diversa
2022 2521 2237 2592 erant3
2288 2528 2442 2575 nam

191 2624 350 2689 licet
391 2624 632 2689 Jonum
673 2621 957 2687 carmina
1004 2620 1139 2693 noh
1183 2620 1410 2685 minus·
1452 2638 1646 2702 quam.
1681 2621 1909 2684 melica
1947 2620 2236 2715 proprias
2272 2638 2438 2702 poe·

189 2739 404 2795 tarum
448 2735 801 2796 sententias
860 2729 1284 2812 exprimerent
1300 2769 1324 2811 ,
1384 2736 1452 2793 et
1503 2728 1830 2794 materiam
1886 2748 1968 2794 ex
2008 2732 2287 2811 ipsorum
2326 2744 2436 2791 ra·-

190 2838 482 2909 tiouihus
509 2845 903 2922 repeterent,
945 2836 1151 2922 elegia
1192 2840 1401 2903 tamen
1437 2836 1632 2923 longe
1670 2835 1858 2901 abest
1896 2855 1941 2902 a
1974 2824 2439 2920 perturbatione

193 2957 396 3033 atque
469 2945 714 3011 fervore
755 2946 948 3010 animi
987 2944 1054 3008 in
1093 2945 1380 3011 Aeolicis
1421 2945 1802 3010 carminibus
1841 2947 2211 3039 conspicuo,
2252 2944 2439 3010 abest

196 3073 463 3142 quoque
503 3072 543 3117 a
582 3053 857 3119 Deorum
901 3055 1073 3119 cultu
1113 3060 1180 3116 et
1201 3054 1299 3117 ab
1340 3051 1427 3116 iis
1466 3055 1839 3134 rationibus,
1893 3070 2060 3136 quae
2103 3073 2142 3116 e
2183 3052 2436 3136 propria
2562 3076 2565 3083 ’

188 3162 482 3230 Doricae
537 3159 817 3226 civitatis
857 3159 1352 3242 Doricorumque
1411 3180 1651 3226 morum
1690 3167 1917 3226 natura
1956 3160 2267 3243 originem
2307 3156 2434 3220 du-

191 3271 459 3337 cebant.
584 3254 627 3263 *
916 3252 919 3255 ¹
1400 3280 1401 3283 ’

365 3376 603 3458 Neque
662 3393 817 3440 vero
870 3376 1010 3440 sola
1048 3374 1332 3459 gentium
1396 3372 1740 3442 diversitas
1779 3375 2095 3440 variorum
2131 3389 2435 3467 generum

190 3497 412 3548 causa
470 3491 607 3566 est,
666 3479 788 3546 sed
838 3500 918 3547 ea
971 3483 1115 3566 ipsa
1181 3499 1327 3567 cum
1405 3490 1749 3565 temporum
1804 3482 1995 3546 etiam
2064 3479 2436 3544 diversitate

189 3588 528 3657 convenit.
608 3588 807 3652 Primi
844 3590 1012 3656 enim
1052 3585 1260 3654 Jone's
1300 3588 1576 3655 Asiatici
1629 3588 1886 3674 ingenia
1926 3576 2086 3652 adeo
2124 3587 2434 3652 excolue-

187 3704 346 3763 rant
388 3704 457 3760 et
497 3695 689 3778 quasi
723 3697 1270 3780 emancipavorant
1285 3738 1307 3779 ,
1368 3705 1441 3760 nt
1478 3696 1726 3779 lyricae
1761 3697 1945 3781 poesi
1984 3708 2238 3779 operam
2281 3690 2434 3760 dare

187 3812 497 3890 possent.
576 3804 797 3884 Itaque
838 3801 1058 3889 forma,
1098 3823 1223 3888 qua
1262 3802 1614 3887 utebantur,
1665 3805 2022 3870 arctissime
2061 3821 2203 3868 cum
2247 3802 2459 3885 epica'
2508 3844 2513 3850 -

190 3910 549 3994 conjuncta
588 3918 741 3975 erat'
767 3918 834 3975 et
873 3930 957 3975 ex
998 3900 1078 3977 ea
1118 3914 1260 3995 ipsa
1299 3912 1647 3996 processit3
1717 3932 1862 3978 nam
1904 3930 2095 3995 quum
2135 3909 2436 3976 carmini-

188 4021 349 4100 bus,
395 4036 557 4101 quae
595 4037 720 4082 non
759 4016 828 4082 in
864 4018 1059 4084 rebus
1087 4021 1293 4104 epico
1328 4039 1507 4087 more
1540 4018 1979 4087 describendis
2003 4020 2435 4103 versabantur,

185 4126 322 4196 sed
368 4126 667 4210 quidquid
707 4128 984 4193 animum
1023 4131 1336 4215 movebat,
1389 4128 1809 4216 declarabant,
1868 4131 2232 4195 hexameter
2270 4127 2434 4194 sim-

191 4239 357 4320 plex
402 4235 703 4318 sufficere
750 4254 877 4300 nou
935 4234 1279 4320 videretur,
1338 4238 1578 4320 primus
1619 4239 1967 4306 hexametri
2007 4238 2160 4307 orde
2203 4238 2269 4302 in
2304 4234 2434 4298 fine
