2800 4775
2517 123 2521 134 b

2505 141 2514 148 .

2291 176 2395 252 „¹7ss

182 360 322 441 ipsa
348 360 605 426 docent·
684 359 989 426 Attamen
1050 356 1434 424 carminibus
1488 358 1725 423 Jonnm
1783 354 2004 441 lyricis
2062 375 2188 421 non
2240 357 2403 424 baec

178 467 373 531 forma
413 468 549 540 sola
591 474 752 548 erat,
790 465 910 529 sed
951 462 1141 532 iambi
1199 464 1389 530 etiam
1428 474 1499 530 et
1534 465 1819 530 trochaei
1881 474 1950 529 et
2000 464 2248 530 metrici
2288 484 2402 531 or-

182 571 377 638 dines.
399 595 439 638 e
479 572 761 639 diversis
799 573 1147 659 generibus
1187 572 1565 656 compositi,
1613 574 1707 638 ita
1746 580 1816 637 ut
1854 558 2133 640 diversis
2186 572 2256 638 in
2295 572 2403 640 di-

179 682 386 748 versis
445 683 839 766 argumentis
894 690 1213 747 uterentur
1272 682 1526 765 metris3
1589 698 1734 745 nam
1767 765 1774 772 ἵ
1809 698 2000 764 quum
2052 679 2265 763 elegia
2317 680 2403 746 ad

178 788 422 872 epicum
478 790 775 855 maxime*
818 808 1029 873 genus
1089 808 1168 854 se
1232 787 1610 872 adjungeret
1624 834 1647 871 .,
1697 788 1889 854 iambi
1937 790 2003 853 in
2053 788 2405 855 ‘irridendis

173 897 494 967 hominum
532 895 710 962 vitiis
749 906 815 961 et
854 900 920 961 in
960 898 1057 960 ira
1095 896 1408 988 conviciis
1447 894 1846 984 effundenda,
1903 875 2185 964 trochaei
2221 896 2404 964 initio

173 1006 251 1072 in.
270 1005 697 1090 gravioribus*
721 1005 1273 1087 severioribusque
1334 1005 1529 1071 rebus
1568 1007 2009 1085 versabantur,
2026 1024 2405 1090 quanquam

171 1131 326 1178 mox
377 1113 602 1180 iambis
643 1117 737 1178 uti
798 1120 1140 1197 coeperant
1185 1121 1413 1196 poetae
1451 1113 1519 1180 in
1569 1115 1759 1179 rebus
1816 1133 1857 1179 a
1915 1113 2153 1196 majore
2207 1114 2405 1179 anirni

177 1222 597 1290 concitatione
637 1220 862 1286 alienis
877 1262 899 1304 ‚
931 1220 1052 1285 -ita
1113 1228 1183 1284 ut
1236 1218 1319 1283 ad
1379 1220 1734 1303 pedestrem
1778 1223 1988 1306 magis
2029 1223 2407 1290 accederent

171 1330 542 1414 orationem·
629 1327 766 1397 Sed
805 1327 969 1392 haec
1008 1327 1218 1392 omnia
1240 1347 1499 1412 genera,
1542 1330 1770 1412 quibus
1803 1331 2010 1394 Jones
2048 1332 2404 1413 utebantur,

171 1453 213 1528 a
253 1435 493 1504 ceteris
537 1435 921 1502 carminibus
961 1435 1180 1519 lyricis
1243 1455 1366 1500 non
1402 1436 1607 1501 forma
1646 1438 1810 1519 sola,
1851 1436 1970 1527 sed
2010 1456 2091 1501 ea
2129 1437 2272 1520 ipsa
2310 1456 2406 1518 re,

170 1561 338 1625 qnae
392 1552 566 1612 arcte
620 1561 764 1607 cum
820 1544 1057 1608 formae
1108 1543 1485 1610 diversitate
1521 1545 1856 1622 cohaeret,
1916 1544 2406 1630 distinguuntur,

171 1650 341 1733 quod
401 1652 637 1718 Jonum
689 1661 839 1716 sunt
886 1653 1136 1736 propria
1149 1692 1171 1735 ‚
1233 1669 1427 1735 quum
1488 1653 1597 1717 illa
1648 1653 1756 1717 vel
1816 1653 2220 1718 Doriensium
2275 1654 2408 1717 sint
2487 1676 2500 1684 ⁸

163 1761 279 1822 vel
316 1760 611 1843 Aeolum,
651 1778 691 1822 e
733 1778 995 1842 quarum
1033 1763 1315 1842 gentium
1372 1737 1660 1825 moribus
1694 1760 1899 1825 omnis
1959 1758 2405 1826 dissimilitudo

171 1867 544 1949 explicatur.
646 1866 789 1932 Etsi
859 1867 1026 1932 enim
1089 1867 1215 1933 hae
1275 1867 1518 1934 formae
1597 1851 1922 1933 liberiores
1998 1878 2151 1933 sunt
2209 1885 2405 1934 versu

170 1974 354 2054 epico
370 2019 393 2057 ‚
436 1981 646 2038 tamen
667 1976 828 2038 ultra
868 1974 1294 2056 simplicitatis
1330 1974 1659 2056 cujusdam
1696 1977 1864 2041 fines
1896 1992 2026 2039 non
2062 1975 2405 2060 egrediun-

168 2089 294 2163 tur,
336 2097 528 2162 quum
567 2080 934 2146 Doricorum
975 2089 1043 2145 et
1082 2077 1489 2154 Aeolicorum
1529 2065 1885 2169 poetarum,
1946 2086 2054 2166 qui
2093 2083 2406 2157 communi
2517 2127 2540 2148 χ

166 2187 428 2254 nomine
465 2188 681 2254 melici
723 2185 1039 2269 dicuntur,
1080 2186 1145 2252 id
1186 2189 1398 2272 ipsum
1440 2190 1754 2271 proprium
1797 2188 1920 2273 sit,
1962 2189 2128 2273 quod
2171 2190 2406 2272 majore

166 2297 464 2364 libertate
537 2298 605 2364 in
666 2294 1072 2370 dissecandis
1146 2294 1726 2379 componendisque
1790 2297 2014 2361 metris
2079 2296 2408 2377 fruuntur13

168 2406 524 2487 eademque
563 2414 1071 2488 argumentorum
1123 2421 1323 2469 causa
1362 2412 1502 2486 est,
1563 2421 1727 2487 quae
1779 2405 2013 2486 pariter
2052 2412 2241 2487 atque
2280 2423 2404 2468 ex-

167 2521 352 2580 terna
391 2512 595 2579 forma
633 2533 746 2596 pro
786 2511 1049 2579 diversa
1087 2512 1368 2597 gentium
1408 2520 1633 2576 natura
1688 2510 1947 2577 diversa
1988 2521 2203 2592 erant3
2254 2530 2408 2576 nam

168 2622 321 2688 licet
360 2623 598 2688 Jonum
639 2621 923 2687 cumina
970 2620 1105 2693 noh
1149 2620 1375 2685 minus-
1418 2638 1613 2702 quam.
1645 2621 1875 2685 melica
1913 2621 2202 2715 proprias
2238 2638 2403 2702 poe·

167 2737 374 2794 tarum
417 2735 767 2795 sententias
826 2730 1250 2812 exprimerent
1265 2770 1289 2812 ‚
1350 2736 1417 2792 et
1469 2729 1796 2795 materiam
1853 2749 1935 2794 ex
1974 2732 2252 2810 ipsorum
2291 2744 2402 2792 ra·-

167 2837 448 2907 tionibus
474 2846 869 2921 repeterent,
910 2836 1117 2922 elegia
1158 2838 1366 2903 umen
1402 2836 1598 2923 longe
1636 2835 1824 2901 abest
1862 2854 1903 2899 a
1940 2824 2405 2919 perturbatione

171 2955 366 3030 atque
434 2945 680 3011 fervore
720 2946 914 3009 animi
953 2944 1019 3008 in
1059 2945 1346 3011 Aeolicis
1386 2944 1768 3010 carminibus
1807 2947 2177 3039 conspicuo,
2218 2945 2405 3011 abest

175 3071 428 3139 quoque
467 3071 508 3118 a
547 3053 823 3119 Deorum
867 3055 1039 3119 cultu
1079 3060 1146 3117 et
1166 3053 1264 3117 ab
1306 3052 1392 3116 iis
1430 3055 1805 3134 rationibus,
1860 3071 2026 3136 quae
2068 3073 2108 3117 e
2148 3053 2402 3136 propria
2529 3078 2530 3085 ¹

168 3160 448 3227 Doricae
502 3158 783 3226 civitatis
823 3159 1318 3243 Doricorumque
1377 3180 1617 3226 morum
1656 3168 1883 3226 natura
1922 3161 2233 3243 originem
2272 3158 2399 3221 du-

170 3269 425 3334 cebant.
550 3254 591 3263 *
1364 3282 1367 3283 *

335 3376 568 3458 Neque
628 3393 783 3440 vero
836 3377 976 3441 sola
1013 3375 1299 3459 gentium
1361 3372 1704 3441 diversitas
1744 3375 2060 3440 variorum
2097 3390 2400 3468 generum

171 3496 378 3544 causa
436 3491 572 3566 est,
632 3479 751 3546 sed
803 3500 883 3549 ea
936 3484 1080 3566 ipsa
1146 3499 1292 3546 cum
1367 3491 1714 3565 temporum
1770 3482 1960 3546 etiam
2029 3479 2400 3544 diversitate

169 3583 494 3653 convenit.
572 3588 773 3652 Primi
808 3589 978 3653 enim
1018 3586 1225 3655 Jone's
1265 3588 1541 3655 Asiatici
1595 3587 1852 3674 ingenia
1891 3575 2052 3652 adeo
2090 3588 2400 3651 excolue-

168 3701 317 3758 rant
356 3702 423 3758 et
463 3695 653 3778 quasi
689 3698 1236 3781 emancipaverunt
1250 3738 1272 3779 ‚
1333 3705 1407 3760 ut
1443 3697 1691 3779 lyricae
1726 3697 1911 3781 poesi
1949 3712 2204 3779 operam
2247 3690 2400 3760 dare

168 3812 462 3886 possent.
542 3805 763 3884 Itaque
802 3802 1023 3889 foi-ma,
1063 3823 1188 3888 qua
1226 3802 1578 3887 utebantur,
1630 3803 1988 3869 arctissime
2026 3822 2169 3868 cum
2213 3803 2425 3886 epica'
2474 3845 2479 3850 -

171 3907 514 3991 conjuncta
554 3918 706 3975 erat·
732 3918 798 3974 et
838 3930 922 3974 ex
963 3902 1044 3975 ea
1083 3915 1226 3995 ipsa
1263 3912 1612 3996 processit3
1682 3932 1827 3978 nam
1869 3931 2060 3995 quum
2101 3910 2401 3977 carmini-

169 4015 318 4098 bus,
360 4037 522 4102 quae
561 4037 685 4082 non
725 4016 794 4082 in
829 4018 1024 4084 rebus
1065 4021 1258 4104 epico
1293 4038 1472 4087 more
1506 4018 1944 4086 describendis
1968 4020 2401 4104 versabantur,

168 4123 294 4191 sed
334 4125 632 4210 quidquid
672 4128 949 4193 animum
988 4130 1301 4215 movebat,
1353 4128 1775 4216 declarabant,
1833 4131 2199 4195 hexameter
2235 4128 2398 4195 sim-

173 4234 325 4315 plex
367 4235 667 4317 sufficere
715 4254 842 4300 non
900 4235 1245 4320 videretur,
1304 4238 1544 4319 primus
1585 4239 1933 4305 hexametri
1972 4238 2125 4309 ordo
2168 4239 2233 4305 in
2269 4235 2399 4299 fine
