2800 4775
390 168 487 245 36

388 355 669 442 tingunt3
707 352 904 421 nihilo
944 354 1175 418 minus·
1206 365 1270 419 et
1334 353 1470 437 ipsi·
1513 356 1637 421 hoc
1675 357 1891 421 .verbo
1948 355 2200 421 nonnisi
2250 356 2333 421 de
2393 360 2591 423 hexa-

389 464 609 530 metris
661 463 1191 545 pentametrisque
1232 463 1490 528 alternis
1552 468 1836 544 utuntur,
1884 474 2073 546 atque
2111 483 2217 544 χοι
2267 467 2334 529 in
2390 487 2462 531 re
2499 468 2603 531 vel

390 574 554 638 altra
593 570 983 638 Graecorum
1025 589 1211 636 usum
1254 574 1582 657 progressi
1620 579 1788 655 sunt,
1829 573 1993 655 quod
2025 574 2350 666 elegorum
2389 594 2610 640 nomen

389 700 517 747 non
544 679 637 745 ud
678 689 1118 764 argumentum
1158 688 1435 763 tantum,
1475 679 1592 743 sed
1633 680 1717 745 ad
1755 680 1965 761 ipsum
2004 689 2272 746 metrum
2313 683 2610 764 referunt,

388 787 572 869 cujus
630 788 724 853 rei
750 823 761 856 ·.
779 787 1179 874 notissimum
1235 788 1590 869 exemplum
1654 796 1803 851 suut
1855 789 2100 852 Horatii
2145 789 2384 871 emique·
2422 790 2608 873 elegi.

388 893 635 977 Eleyia
690 904 891 959 totum
932 912 1188 959 carmen
1228 895 1601 976 appellatur-3
1662 913 1811 957 num
1865 894 2063 959 forma
2101 895 2351 978 eleyei'a
2366 938 2390 980 ‚
2449 916 2610 979 quae

390 1005 457 1066 in
496 1001 810 1067 nonnullis
853 1001 1069 1067 Ovidii
1109 1002 1274 1066 locis
1315 1010 1532 1068 exstat
1561 998 1698 1082 ⁸⁸),
1760 1010 1952 1067 recte.
1993 1022 2069 1067 se
2110 1004 2372 1086 habeat,
2423 1004 2613 1069 dubi·

391 1120 584 1192 tatur3
645 1111 911 1175 forsitan
952 1112 1142 1176 etiam
1199 1108 1417 1193 eleyia
1455 1109 1684 1191 plurali
1737 1127 1998 1174 numero
2044 1119 2300 1177 veteres
2340 1113 2611 1196 scripto-

388 1238 496 1284 res
538 1218 831 1284 dicebant
853 1217 971 1292 ⁸⁷).
1358 1279 1369 1290 ,

554 1328 656 1391 De
712 1323 1167 1408 adjectivorum
1208 1344 1332 1391 usu
1376 1327 1462 1390 in
1513 1333 1772 1408 utraque
1823 1327 2043 1411 lingua
2097 1327 2440 1393 tenendum-
2495 1338 2618 1409 est,

396 1428 618 1520 ἔλεγος
655 1453 770 1518 pro
808 1432 1125 1515 adjectivo
1167 1434 1461 1516 usurpari
1510 1434 1672 1497 falso
1735 1434 1881 1498 olim
1944 1434 2249 1499 creditum
2306 1449 2459 1502 esse
2489 1435 2579 1510 ⁸⁸)
2597 1447 2654 1524 5²

400 1542 674 1610 Graecis
714 1541 1026 1623 adjectiva
1069 1532 1353 1624 ἐλεγεῖος
1393 1550 1460 1605 et
1499 1530 1867 1624 ἕλεγειᾳκός
1885 1540 1980 1622 fin·
1996 1558 2122 1603 usu
2147 1549 2316 1623 sunt,
2358 1561 2622 1622 quorum

392 1651 544 1715 illud
586 1649 837 1730 quidem
864 1645 1109 1728 proprie
1135 1657 1239 1710 est
1280 1647 1446 1728 quod
1487 1647 1569 1713 ad
1598 1638 1837 1731 ἐλεγος,
1876 1646 2190 1727 hocquod
2231 1648 2309 1710 ad
2337 1642 2623 1730 ἐλεγεῖον

391 1757 684 1838 pertinet,
723 1754 843 1817 sed
881 1755 1244 1835 promiscue
1279 1755 1359 1817 de
1384 1763 1586 1818 metro
1618 1763 1992 1838 usurpantur
2020 1751 2136 1827 ⁸⁹).
2218 1755 2431 1818 Latini
2471 1756 2619 1836 ple·-

388 1879 649 1943 rumque
691 1859 906 1924 dicunt
943 1858 1309 1951 elegiaca-r,
1348 1863 1746 1942 grammatici
1785 1859 2037 1942 quidam
2077 1859 2342 1941 eleoius
2362 1859 2487 1941 ⁹⁰).

555 1967 658 2031 Ex
697 1968 782 2031 iis
824 1985 986 2049 quae
1027 1965 1492 2047 disputavimus
1553 1966 1801 2030 abunde
1840 1975 2049 2048 patet,
2110 1968 2383 2049 elegiam
2424 1977 2620 2031 vete·-

389 2093 523 2138 rum
566 2076 942 2155 scriptorum
981 2090 1182 2138 sensu
1224 2072 1355 2137 dici
1395 2090 1650 2144 carmen
1682 2073 2069 2138 hexametris
2111 2092 2189 2137 ac
2208 2068 2623 2155 pentametris

393 2190 721 2266 constans,
763 2191 829 2246 et
869 2182 977 2264 qui
1019 2190 1236 2245 contra
1263 2179 1442 2244 lianc
1481 2175 1780 2264 loquendi
1822 2179 2341 2245 consuetudinem
2381 2182 2621 2247 adver-

393 2296 615 2356 sentur
655 2287 801 2370 loci,
841 2306 957 2353 eos
998 2290 1263 2353 abusum
1303 2279 1513 2372 potius
1557 2307 1744 2372 quam
1786 2306 1975 2353 usum
2014 2298 2254 2354 rectum
2295 2289 2619 2357 exhibere.

393 2398 613 2480 Quare·
649 2398 835 2464 nobis
875 2415 1145 2480 quoque,
1185 2397 1292 2461 ubi
1332 2396 1414 2463 de
1456 2404 1738 2462 veterum
1780 2399 1994 2481 elegia
2034 2394 2371 2485 loquimur,
2416 2398 2621 2464 forma

393 2507 659 2574 metrica
698 2504 1093 2590 respicienda
1134 2513 1271 2587 est,
1309 2514 1374 2569 et
1435 2502 1886 2587 vituperandus
1944 2514 2045 2569 est
2095 2505 2466 2599 Souchaeus
2493 2506 2620 2592 ⁹¹),

425 2777 521 2836 86)
555 2779 761 2829 Heroid.
790 2779 924 2846 XV,
976 2778 1024 2831 7.
1091 2782 1267 2832 Amor.
1302 2780 1401 2848 111,
1457 2781 1517 2849 1,
1564 2783 1612 2831 7.
1677 2780 1888 2837 Remed.
1923 2781 2038 2831 379.
2110 2782 2351 2831 Santenio
2385 2783 2449 2830 ad
2495 2784 2616 2831 Ter.

554 2883 608 2929 p.
643 2868 742 2918 807
774 2885 887 2932 sqq.
921 2873 1049 2921 baec
1095 2874 1256 2922 forma
1298 2877 1539 2933 suspecta
1584 2876 1695 2941 est,
1747 2875 1933 2935 quippe
1979 2886 2108 2933 quae
2158 2874 2272 2921 ideo
2315 2872 2366 2921 in
2417 2874 2617 2921 textum

554 2963 764 3022 recepta
794 2975 913 3011 esse
942 2963 1209 3028 videatur,
1259 2976 1324 3012 ne
1356 2958 1392 3012 ἶ
1426 2964 1474 3011 in
1508 2964 1607 3013 fine
1639 2965 1973 3030 producatur,
2011 2958 2158 3023 cujus
2192 2967 2358 3012 tamen
2391 2964 2615 3023 produc-

552 3052 705 3101 tionis
737 3053 789 3101 in
820 3050 1030 3103 Graecis
1060 3054 1231 3102 verbis
1263 3055 1358 3105 alia
1389 3056 1619 3115 exempla
1653 3059 1873 3104 exstent.

427 3142 518 3206 87)
550 3128 812 3204 Siquidem
843 3145 981 3205 apud
1011 3146 1179 3195 Plaut.
1214 3146 1372 3197 Mete.
1411 3148 1494 3212 Π,
1530 3147 1589 3212 3,
1624 3128 1689 3194 ³74
1756 3145 2029 3196 camerarii
2077 3142 2193 3194 libri
2220 3156 2397 3195 verum
2428 3145 2614 3195 lectio-

554 3248 670 3285 nem
700 3234 952 3299 exhibent,
983 3237 1076 3291 ubi
1107 3236 1158 3284 in
1193 3234 1302 3286 aliis
1334 3240 1420 3286 est
1449 3233 1642 3299 eloyia.
1705 3282 1715 3293 „

426 3326 523 3386 88)
556 3309 812 3389 Euripidis
840 3326 952 3375 loeo
988 3326 1122 3388 (lph.
1157 3329 1311 3376 'raur-
1345 3327 1506 3386 1⁰9¹)
1544 3310 1759 3401 ἔλεγον
1797 3305 1969 3381 οἶτον
1999 3338 2093 3388 per
2122 3327 2494 3389 appositionem
2523 3330 2616 3378 vel

559 3420 769 3469 duarum
814 3418 1119 3469 locutionum
1162 3417 1567 3478 conjunctionem
1606 3419 1951 3479 explicandum
2001 3422 2099 3468 est.
2165 3418 2249 3469 Cf.
2283 3418 2495 3469 Seidler.
2546 3419 2614 3468 ad

555 3509 606 3560 h.
641 3508 677 3559 l.
708 3510 923 3560 Franck-
955 3522 1007 3571 p.
1040 3509 1122 3558 34.
1187 3510 1432 3571 Bada-p.
1463 3508 1613 3560 not.

426 3600 522 3654 89)
554 3602 736 3652 Forma
777 3583 1140 3676 ἕλεγειακὸς
1178 3606 1392 3652 utuntur
1421 3600 1577 3650 Bion.
1608 3600 1725 3650 Hal.
1759 3600 1810 3648 d.
1843 3608 2004 3661 eomp-
2036 3610 2151 3649 voc.
2177 3599 2369 3666 XXV,
2417 3612 2473 3661 p.
2510 3598 2615 3649 282

556 3690 743 3760 (888),
789 3691 875 3744 ubi
900 3695 1005 3742 vid.
1042 3694 1300 3744 Schaefer.
1366 3693 1562 3743 Athen.
1595 3691 1703 3758 tv,
1749 3703 1803 3751 p.
1835 3688 1965 3759 1⁴⁴,
1997 3691 2063 3740 Ε.
2098 3692 2253 3759 xm,
2286 3703 2341 3752 p.
2374 3690 2502 3755 597,
2533 3691 2611 3741 A.

554 3782 833 3842 Hepbaeet.
876 3784 1078 3833 Enchir.
1122 3798 1175 3844 p.
1224 3784 1273 3833 9.
1346 3784 1624 3833 Franokius
1669 3783 1752 3842 (p.
1788 3780 1884 3839 84)
1923 3724 2037 3830 il'los
2081 3795 2220 3831 more
2266 3782 2616 3831 Romanorum

556 3870 651 3919 bne
683 3884 809 3921 voce
844 3872 922 3923 uti
962 3873 1116 3937 dicit,
1166 3874 1261 3924 sed
1310 3880 1414 3923 non
1446 3873 1672 3937 intelligo
1705 3882 1806 3932 quo
1848 3869 1992 3938 jure,
2042 3885 2193 3932 quum
2226 3872 2422 3923 Graeca
2451 3874 2522 3922 sit
2556 3880 2621 3923 et

556 3959 668 4008 aliis
700 3957 929 4020 eiusdem
960 3964 1164 4028 generis
1207 3965 1411 4031 verbis,
1464 3966 1523 4011 ut
1553 3940 2030 4028 omitti-Stantis,
2045 3974 2253 4022 prorsus
2283 3964 2618 4025 respondeat.

426 4049 517 4105 90)
553 4049 709 4106 Apud
739 4051 967 4100 Diomed.
1000 4054 1094 4120 111,
1128 4065 1181 4114 p.
1215 4053 1329 4101 508.
1395 4053 1605 4102 Putsch.
1625 4051 1814 4114 eleum
1846 4062 1939 4112 pro
1972 4052 2224 4115 adjectivo
2256 4054 2479 4120 ponitur,
2514 4055 2618 4105 sed

555 4138 713 4197 reete,
745 4142 805 4184 ut
835 4140 1059 4205 videtur,
1090 4143 1367 4192 Franckius
1397 4143 1434 4191 l.
1467 4156 1510 4192 e.
1542 4145 1770 4195 restituit
1800 4140 2012 4206 eloym.

426 4224 521 4283 91)
555 4213 713 4271 Mem.
747 4222 828 4270 eit.
863 4236 914 4281 p.
946 4226 1059 4274 384.
