2800 4775
2284 159 2382 239 1³

164 337 359 418 citur,
400 335 793 401 occasionem
833 336 1231 421 praebebant,
1271 336 1390 402 sed
1433 346 1499 402 et
1524 346 1714 403 antea
1738 346 1804 404 et
1842 337 2068 430 eodem
2100 348 2382 427 tempore

166 445 301 509 alia
338 464 576 527 genera
615 446 822 511 fuisse
882 445 1191 509 videntur.
1272 446 1671 512 Pentameter
1712 447 1857 512 inde
1900 449 1980 512 ab
2021 447 2199 513 initio
2237 467 2380 514 cum

165 553 539 616 hexametro
581 552 953 633 conjunctus
993 562 1117 632 est,
1157 560 1222 616 et
1260 554 1348 616 ita
1390 554 1665 638 quidem,
1703 564 1774 618 ut
1814 554 2152 620 distichum
2192 574 2382 622 unam

169 661 555 724 sententiam
618 662 1004 744 contineret,
1065 676 1251 741 quam
1310 659 1518 740 legem
1579 677 1770 740 quum
1833 661 2121 727 Callinus
2180 682 2380 747 saepe

167 769 433 854 migret,
475 770 624 833 hinc
666 767 856 829 etiam
897 765 1213 847 sequitur,
1257 768 1320 829 ei
1359 769 1591 831 multos
1632 767 1820 848 hujus
1860 772 2116 852 generis
2155 781 2382 854 poetas

166 876 612 939 antecessisse
637 871 758 946 ⁴⁰).
810 873 1018 938 ‘Haec
1057 892 1251 956 parva
1312 876 1511 939 forma
1549 875 1704 939 nihil
1760 879 2077 943 continere
2115 889 2383 962 poterat,

165 984 300 1047 nisi
338 1001 666 1065 gnomam‚
729 1000 891 1063 quae
951 991 1159 1046 nmen
1220 1001 1429 1064 neque
1486 983 1933 1064 antiquioribus
1994 989 2380 1070 temporibus

167 1100 322 1173 apta
362 1097 487 1169 est,
526 1107 733 1171 neque
772 1097 900 1153 tam
939 1100 1112 1155 arcte
1172 1109 1312 1155 oum
1358 1091 1645 1174 elegiaca
1681 1093 1880 1157 forma
1920 1094 2271 1179 conjuncta,
2311 1104 2394 1161 ut·

165 1195 324 1262 inde
365 1195 551 1277 hujus
608 1196 840 1261 formae
902 1199 1080 1282 erigo
1131 1200 1332 1280 repeti
1393 1200 1616 1281 possit.
1696 1203 1913 1284 Itaque
1965 1202 2122 1267 nihil
2159 1212 2382 1288 restat,

167 1303 300 1367 nisi
342 1312 412 1367 ut
470 1305 1012 1385 grammaticorum
1069 1307 1422 1371 sententias
1485 1305 1568 1371 de
1621 1309 1868 1390 propria
1927 1311 2108 1375 vocis
2164 1304 2386 1396 ἔλεγος

166 1409 630 1495 significatione
655 1421 1020 1499 sequentes,
1045 1413 1385 1486 distichum
1414 1416 1765 1498 elegiacum
1789 1416 1968 1482 initio
1998 1419 2383 1504 epigramma

166 1518 530 1603 sepulcrale
589 1518 792 1596 fuisse
853 1528 1226 1589 statuamus.
1306 1523 1694 1588 Pentametri
1753 1533 1965 1589 autem
2018 1526 2197 1609 origo
2258 1526 2398 1590 hac·

167 1625 528 1708 conjectura
567 1627 871 1709 explicari
909 1627 1195 1693 videtur:
1280 1628 1489 1709 Quum
1531 1631 1918 1704 threnodiam
1957 1634 2218 1697 formam
2259 1634 2383 1697 sibi

161 1731 547 1818 peculiarem
621 1723 884 1822 'eamque
951 1738 1311 1820 simplicem
1363 1738 1669 1836 habuisse
1723 1748 2216 1806 consentaneum
2272 1742 2380 1823 sit,

163 1852 480 1933 dactylica
521 1856 727 1913 autem
769 1847 1208 1930 antiquissima
1249 1846 1378 1910 sint
1416 1858 1616 1912 metra
1633 1889 1654 1926 ,
1708 1849 1984 1914 trimeter
2023 1847 2382 1931 dactylicus

166 1965 257 2035 [s.
298 1957 812 2041 penthemimeris
852 1955 1194 2038 dactylica)
1238 1956 1300 2019 ei
1346 1955 1710 2020 tribuendus
1749 1973 1902 2020 esse
1942 1954 2213 2035 videtur,
2252 1956 2383 2019 ini-

167 2069 260 2131 tio
304 2063 557 2145 quidem
601 2064 780 2125 solus
818 2081 934 2142 per
975 2079 1048 2124 se
1089 2062 1354 2148 positus,
1418 2061 1648 2126 deinde
1689 2055 1831 2132 cum
1873 2064 2016 2128 aliis
2058 2061 2384 2128 ordinibus

168 2171 545 2254 rhythmicis
585 2166 969 2249 conjunctus.
1054 2167 1182 2230 Hic
1220 2167 1562 2247 rhythmus
1601 2188 1744 2233 cum
1784 2170 1989 2251 lyrica
2031 2169 2218 2251 hujus
2257 2189 2384 2252 ge-

168 2279 342 2343 neris
382 2274 592 2341 indole
640 2276 979 2340 cohaerere
1021 2281 1250 2356 potest,
1292 2291 1641 2356 quanquam
1667 2276 1732 2344 id
1756 2277 2187 2340 demonstratu
2211 2276 2385 2340 diffi-

169 2387 293 2452 cile
334 2394 436 2449 est
457 2381 601 2470 *Ἲς
663 2381 990 2464 quomodo.
1024 2402 1106 2443 ex
1155 2399 1232 2443 eo
1294 2391 1684 2462 pentameter
1745 2392 1919 2446 ortus
1979 2380 2095 2465 sit,
2157 2391 2383 2464 sponte

172 2501 369 2580 patet.
451 2493 508 2555 E
549 2489 824 2555 disticho
864 2489 1111 2572 lugubri
1134 2487 1456 2568 paullatim
1489 2487 1758 2568 majores
1799 2489 2045 2572 elegiae
2085 2489 2385 2571 lugubres

171 2611 349 2668 ortae
389 2608 559 2685 sunt,
601 2615 762 2682 quae
804 2593 1033 2661 deinde
1071 2595 1153 2659 ad
1181 2595 1542 2678 gnomicum
1583 2614 1790 2678 genus
1833 2595 2229 2661 emebant.
2310 2600 2400 2662 In·

170 2708 420 2796 gnomis
490 2707 769 2793 origines
835 2703 1108 2768 omnium
1185 2703 1377 2777 animi
1438 2702 1837 2769 affectionum
1893 2706 2151 2787 insunt,
2215 2722 2379 2787 quae

170 2825 392 2898 postea
468 2814 835 2900 singulatim
915 2811 1253 2894 explicitae
1318 2810 1605 2894 elegiaca
1670 2812 1867 2876 forma
1935 2813 2380 2894 exprimuntur.

203 3038 298 3099 4⁰)
332 3041 410 3088 At
440 3039 537 3087 hoc
566 3040 796 3099 profecto
827 3040 910 3087 est
939 3037 991 3085 in
1024 3038 1206 3087 circulo
1238 3036 1457 3087 versarii
2081 3091 2106 3099 -

206 3130 300 3190 4¹)
333 3133 460 3196 Peg.
494 3128 577 3179 24.
623 3129 857 3180 Osannus
888 3129 941 3177 h.
974 3129 1041 3198 1.,
1083 3129 1135 3177 in
1169 3143 1268 3190 quo
1303 3131 1453 3178 cardo
1496 3130 1571 3180 rei
1615 3136 1882 3198 versatur,
1924 3120 2070 3192 ,iust'o
2118 3132 2379 3182 obscurius

329 3218 586 3284 loquitur',
627 3234 793 3280 neque
826 3222 900 3287 ei,
948 3221 1083 3280 quod
1113 3221 1225 3281 ipse
1255 3222 1635 3288 postulaverat,
1680 3224 1953 3289 satisfacit,
1998 3223 2381 3283 explicationem
2415 3278 2428 3290 a

333 3317 503 3363 arctae
535 3312 899 3373 conjunctionis
928 3306 1073 3361 'inter
1102 3313 1310 3361 formam
1343 3313 1615 3378 elegiacam
1648 3317 1701 3362 et
1733 3317 2113 3378 argumentum,
2150 3312 2284 3371 qued
2318 3325 2381 3359 ea

335 3406 651 3471 continetur,
700 3403 1056 3453 intercedentis
1110 3400 1362 3461 abjiciens.
1443 3405 1647 3453 Laudat
1695 3403 1919 3463 inprimis
1961 3402 2126 3451 Procli
2170 3403 2267 3454 hac
2315 3401 2379 3450 de

333 3508 390 3544 re
417 3494 655 3554 judicium
691 3494 1007 3555 (chrestum.
1042 3507 1092 3553 p.
1127 3492 1242 3543 379.
1279 3493 1440 3543 Gaisl'.
1470 3494 1620 3542 Phot.
1652 3495 1761 3542 cod.
1799 3490 2188 3548 ccxxxlsz
2251 3470 2380 3565 Τὴν

337 3579 415 3648 δὲ
456 3577 736 3668 ἐλεγείαν
785 3583 1176 3668 συγκεῖσθαι
1229 3576 1345 3663 μὲν
1400 3575 1475 3660 ἒξ
1532 3569 1748 3668 ἡρῴου
1790 3577 1899 3645 καὶ
1943 3575 2378 3667 πενταμέτρου

335 3676 578 3762 στίχου·
649 3670 954 3771 ἁρμόζειν
1013 3677 1090 3745 δὲ
1135 3681 1274 3755 τοῖς
1331 3676 1827 3760 κατοιχομένοις·
1903 3669 2063 3742 ὅθεν
2108 3675 2220 3742 καὶ
2265 3679 2381 3745 τοῦ

286 3774 291 3779 ’
330 3768 638 3864 ὀνόματος
681 3775 885 3863 ἔτυχε.
974 3771 1070 3845 To
1101 3770 1229 3867 γαῖρ
1263 3779 1503 3893 θρῆνος
1559 3772 1772 3864 ἔλεγον
1812 3766 2081 3844 ἐκάλουν
2122 3773 2190 3841 οἱ
2234 3798 2380 3845 πα-

328 3876 532 3945 λαιοί·
608 3879 718 3947 καὶ
765 3872 917 3957 τούς
952 3879 1462 3966 τετελευτηκοτας
1510 3868 1602 3954 δι’,
1632 3868 1831 3942 αὐτοῦ
1872 3864 2189 3962 εὖλόγουν.
2294 3874 2379 3945 Οἱ

327 3976 547 4063 μέντοιΙ
593 3977 1115 4069 μεταγενέστεροι
1152 3978 1232 4066 τῇ
1275 3972 1530 4064 ἐλεγείᾳ
1570 3967 1736 4066 πρὸς
1792 3965 2149 4066 διαφόρους
2196 3972 2379 4045 ὑπο-

278 4092 285 4095 “
327 4074 562 4155 θέσεις
593 4068 1054 4169 ἀπεχρήσαντο.
1136 4073 1343 4165 Λέγει
1375 4073 1458 4144 δὲ
1483 4074 1591 4143 καὶ
1624 4066 2002 4166 ἀριστεῦσαι
2031 4078 2124 4169 τῷ
2157 4075 2359 4169 μέτρα

330 4177 651 4246 Καλλῖνον
695 4201 751 4244 κ.
784 4200 841 4244 τ.
866 4176 926 4244 λ.
