2800 4775
936 939 1488 1020 CAPUT
1585 938 1645 1018 1.

177 1173 639 1244 Virorum
677 1171 1211 1257 Doctorum
1261 1172 1384 1242 (le
1437 1168 1762 1259 eleg-ta
1800 1168 2403 1246 Graecorum

200 1294 204 1300 ·
1014 1278 1587 1352 sentcntiae.

1217 1500 1379 1516 m

346 1688 750 1798 Literarum
794 1731 1185 1798 Graecarum
1241 1732 1357 1795 vix
1405 1731 1534 1797 ulla
1585 1731 1738 1809 pais
1796 1726 2007 1809 magis
2045 1726 2111 1790 in
2146 1733 2406 1791 contro-

175 1843 455 1906 versiam
496 1849 729 1906 vocata
762 1850 891 1919 est,
934 1857 1117 1921 quam
1161 1839 1388 1921 elegia,
1428 1835 1801 1919 praesertim
1837 1855 1977 1900 eam
2014 1836 2094 1898 ob
2122 1850 2408 1920 causam,

172 1947 383 2032 qnod,
426 1965 588 2029 quae
629 1946 1081 2010 recentioribus
1124 1944 1507 2027 temporibus
1547 1942 1697 2005 huic
1737 1943 1886 2007 voci
1923 1944 2194 2007 subesse
2235 1943 2406 2006 solet

178 2054 388 2136 notio,
440 2072 520 2116 ea
572 2072 700 2115 non
741 2052 806 2113 in
869 2053 1076 2117 omnia
1115 2045 1473 2116 carminaa
1516 2048 1793 2115 Graecis
1833 2048 1959 2113 hoc
1997 2048 2245 2114 nomine
2280 2062 2407 2132 ap-

128 2205 131 2208 -
172 2160 411 2241 pellata
453 2156 648 2241 cadit,
692 2167 758 2221 et
792 2158 964 2238 ⁴'quod
1005 2176 1238 2241 magna
1280 2159 1622 2220 carminum
1666 2174 1814 2236 pars
1858 2158 1941 2236 ei,
1983 2156 2150 2239 quod
2177 2158 2243 2220 in
2273 2173 2412 2219 ‘no-

170 2266 351 2329 mine
392 2266 596 2345 inest,
640 2279 772 2328 non
794 2263 1060 2328 videtur
1099 2262 1520 2344 respondere,
1562 2282 1726 2345 quae
1768 2282 1875 2328 res
1910 2262 2046 2343 jam
2086 2262 2410 2327 veteribus

175 2372 613 2452 grammaticis
656 2369 1100 2452 disputationis
1143 2373 1546 2436 occasionem
1588 2368 1911 2454 praebuit,
1951 2380 2016 2434 et
2057 2387 2411 2452 quanquam

178 2478 646 2542 recentissimis
689 2477 1071 2558 temporibus
1111 2478 1292 2540 multi
1326 2478 1451 2539 hac
1481 2478 1558 2538 de
1588 2498 1657 2539 re
1694 2476 2160 2559 quaesiverunt,
2200 2485 2412 2540 tamen

177 2587 349 2650 hunc
391 2602 590 2665 usqne
630 2579 714 2643 ad
756 2582 922 2646 diem
964 2599 1087 2667 non
1131 2591 1233 2646 est
1273 2585 1646 2664 composita.
1709 2584 1792 2645 Et
1832 2583 2116 2665 pristinis
2158 2582 2411 2665 quidem

179 2690 487 2755 aetatibus
528 2689 835 2773 plerique,
877 2691 1063 2752 vocis
1107 2680 1326 2773 ἐλεγος
1368 2692 1830 2771 significatione
1869 2692 2184 2773 commoti,
2227 2692 2409 2773 prin-

180 2816 336 2880 ceps
376 2796 620 2878 elegiae
663 2805 1099 2877 argumentum
1140 2797 1404 2879 lugubre
1445 2798 1652 2860 fuisse
1695 2796 1906 2861 dicere
1947 2799 2269 2884 solebant,
2325 2798 2408 2863 ad

183 2922 372 2986 quam
415 2903 772 2984 opinionem
813 2920 981 2966 nunc
1021 2904 1210 2967 etiam
1253 2905 1441 2968 multi·
1474 2915 1901 2986 revertuntur;
1942 2906 2105 2971 haec
2141 2917 2409 2972 senten-

181 3012 276 3075 tia
325 3018 462 3074 erat
514 3010 671 3072 Julii
714 3009 1019 3073 Caesaris
1061 3010 1398 3092 scaligeri,
1461 3012 1568 3092 'qui
1626 3021 1835 3076 tamen
1898 3014 2022 3076 sibi
2075 3016 2219 3096 ipse
2282 3030 2408 3078 non

181 3126 451 3198 constat,
475 3114 626 3178 Lilii
648 3115 915 3198 Gyraldi
941 3116 1026 3198 ¹),
1070 3115 1338 3182 Gerardi
1368 3119 1639 3182 Joannis
1667 3119 1896 3184 Vossii
1921 3118 2017 3202 ’Β
2059 3121 2180 3185 sed
2209 3137 2408 3185 accu-

179 3226 380 3288 ratius
423 3232 487 3287 et
541 3221 688 3286 data
730 3240 918 3306 opera
969 3232 1192 3305 postea
1233 3210 1485 3288 demum
1539 3226 1665 3293 hac
1719 3225 1814 3290 de·
1854 3241 1924 3289 re
1967 3228 2076 3310 agi
2115 3233 2409 3307 coeptum

181 3338 322 3411 est,
377 3340 443 3394 et
504 3332 771 3412 primum
827 3318 1078 3411 quidem
1121 3351 1160 3393 a
1199 3332 1540 3397 Souchaeo
1583 3332 1770 3397 Gallo
1801 3330 1888 3411 ⁸).
1972 3331 2080 3395 Ab·
2118 3329 2406 3414 origina-

181 3418 352 3500 tione
393 3440 570 3501 verbi
627 3429 847 3522 ἐλεγος
898 3437 1216 3518 profectus
1269 3459 1481 3502 eorum
1534 3440 2083 3522 grammaticorum
2145 3444 2411 3500 senten-

180 3544 339 3608 tiam
389 3546 706 3625 sequitur,
774 3542 882 3627 qui
922 3544 987 3608 id
1028 3546 1107 3609 ab
1160 3534 1198 3606 ’ἐ
1238 3534 1273 3606 ’ἑ
1314 3539 1525 3628 λέγειν
1587 3546 1858 3628 ducunt,
1923 3543 2089 3608 unde
2146 3532 2426 3631 colligit,'

245 3780 314 3842 1)
347 3784 430 3833 De
447 3786 710 3844 poetarum
732 3783 940 3834 historia
963 3784 1075 3833 dial.
1095 3786 1138 3834 1.
1162 3783 1298 3847 opp.
1337 3782 1491 3835 ·1·.11.
1526 3796 1579 3845 p.
1601 3781 1687 3848 4¹,
1716 3784 1776 3834 F.
1810 3783 1896 3835 ed.
1929 3783 2100 3851 Lugd.
2122 3786 2245 3837 Bet.
2285 3784 2413 3842 1696

248 3874 312 3935 8)
347 3876 517 3925 Instit.
548 3880 687 3938 poet.
719 3877 809 3925 lib.
842 3876 933 3924 111.
968 3888 1079 3936 cap.
1111 3876 1205 3925 xl.

248 3965 311 4025 8)
348 3966 594 4025 Souehay
626 3966 852 4014 discours
885 3979 976 4015 sur
1005 3958 1230 4033 l’eldgie,
1277 3965 1330 4014 in
1360 3957 1635 4014 Me'moires
1658 3964 1733 4014 de
1764 3962 1966 4014 l’Aead.
1999 3966 2092 4017 des
2123 3966 2282 4019 mser.
2341 3968 2413 4019 ⁴1·-

343 4056 463 4107 vn.
496 4068 551 4116 p.
571 4052 678 4105 883²
703 4078 767 4094 -—
787 4055 904 4107 397.
968 4057 1161 4108 Lectae
1204 4057 1326 4106 sunt
1364 4055 1465 4106 *hae
1510 4056 1620 4106 tres
1661 4055 2049 4108 dissertationes
2086 4060 2228 4109 annis
2264 4056 2412 4125 172⁶,

350 4142 485 4195 1728
517 4148 573 4194 et
606 4143 751 4195 1729.

1950 4228 1982 4291 1
