2800 4775
374 90 473 161 24

375 271 669 336 distichis
722 268 1139 354 compositum
1194 267 1516 334 contendit
1537 268 1680 356 ¹⁴),
1738 261 1860 350 sed
1896 269 2067 334 nullo
2120 270 2263 336 loco
2323 269 2598 337 demon-

373 378 616 443 stravit.
699 376 881 458 Quae
920 377 1131 460 opinio
1180 397 1262 441 ne
1300 377 1383 446 ad
1424 376 1682 462 nihilum
1721 377 1996 464 recidat,
2056 379 2122 442 in
2162 378 2305 442 loco
2319 419 2342 461 ‚
2405 398 2604 461 quem

373 505 460 549 ex
498 485 820 568 Euripidis
857 484 1191 568 Iphigenia
1251 483 1316 548 in
1368 483 1650 549 medium
1703 487 2106 570 protulimus,
2165 504 2280 567 pro
2342 479 2604 568 ἐλέγοις

372 591 566 657 scribi
594 590 774 674 jubet
813 585 1069 667 ἐλελεῦ,
1121 591 1288 673 quod
1326 611 1538 674 neque
1578 595 1910 676 anapaesti
1946 591 2269 676 spondiaci
2282 637 2305 675 ,
2366 593 2606 674 quibus

374 702 742 798 lamentetur
778 700 1115 784 Iphigenia
1128 742 1149 781 ,
1204 719 1413 782 neque
1454 700 1759 765 inconditi
1811 702 2118 766 clamores
2156 690 2271 762 ἒ
2235 719 2271 761 ε
2310 699 2436 765 hoc
2474 719 2604 765 no-

374 793 542 871 mine
583 806 881 890 appellari
934 809 1190 890 possint
1213 806 1349 889 ²⁸J3
1410 809 1477 872 in
1534 827 1642 889 eo,
1703 808 1814 888 qui
1866 817 2082 874 exstat
2121 809 2184 872 in
2224 807 2604 885 Troadibus,

374 915 481 978 ubi
520 932 666 978 cum
706 915 995 979 Seidlero
1034 917 1196 1001 legit
1234 904 1493 978 ἐπιοῦσ’
1532 906 1670 978 αἰεὶ
1708 902 2001 1001 δακρύων
2040 908 2334 998 ἐλέγους,
2370 916 2600 979 Hecu-
2647 965 2662 970 -

375 1021 521 1085 bam
593 1030 813 1104 optare
876 1032 1135 1104 censet,
1196 1032 1266 1087 ut
1324 1043 1439 1103 per
1490 1023 1723 1085 mentis
1782 1023 2194 1108 agitationem
2240 1024 2430 1087 liceat
2472 1021 2602 1087 sibi

378 1131 669 1212 querelas
708 1132 918 1217 elegis
958 1140 1340 1214 temperare,
1393 1147 1475 1195 ac
1513 1128 1796 1193 molliore
1856 1138 2050 1195 cantu
2088 1131 2286 1196 lenire
2327 1127 2604 1215 dolores,

378 1254 757 1320 semperque
798 1257 876 1303 se
916 1237 1126 1304 dicere
1165 1241 1231 1304 in
1250 1256 1351 1301 .eo
1391 1255 1566 1323 esse,
1605 1244 1677 1300 ut
1714 1247 1901 1301 canat
1939 1238 2185 1321 elegos,
2224 1238 2271 1301 i.
2312 1259 2373 1301 e.
2415 1235 2605 1301 disti-

382 1343 505 1409 cha
546 1346 856 1430 elegiaca,
894 1363 1008 1428 pro
1049 1345 1418 1427 anapaestis
1445 1344 1574 1425 ²⁸);
1628 1339 1710 1408 de
1748 1344 2202 1427 Aristophanis
2243 1343 2388 1408 loco
2429 1343 2607 1439 dicit,

385 1451 610 1517 avibus
652 1449 942 1534 cujusvis
990 1454 1176 1517 metri
1232 1453 1512 1516 carmina
1567 1448 1754 1513 tribui
1807 1469 2004 1532 posse
2029 1445 2154 1530 ³⁷).
2252 1449 2342 1513 At
2403 1467 2611 1531 neque

387 1559 716 1625 audaciam
755 1561 821 1624 in
862 1558 1233 1645 corrigendo
1273 1559 1481 1640 priore
1534 1556 1674 1620 loco
1714 1556 2058 1652 Euripidae
2074 1600 2096 1633 ‚
2156 1574 2364 1637 neque
2403 1573 2611 1637 quae-

388 1667 576 1730 sitam
619 1665 876 1730 alterius
939 1665 1421 1746 explicationem
1481 1665 1817 1754 quisquam
1855 1660 2177 1745 probabit,
2223 1661 2292 1725 in
2343 1662 2608 1725 Aristo-

382 1770 612 1854 phanis
664 1778 876 1833 autem
928 1769 1066 1834 loco
1120 1768 1282 1840 satis
1331 1771 1736 1851 perspicuum
1788 1767 1940 1833 esse
1989 1767 2247 1848 yidettu
2297 1766 2610 1830 lusciniae

381 1876 567 1941 tribui
642 1893 771 1938 non
835 1892 1032 1957 posse
1115 1875 1397 1939 carmina
1465 1876 1763 1940 distichis
1838 1876 2150 1959 elegiacis
2234 1874 2613 1957 composita,

334 2065 345 2072 ἱ
385 2001 584 2066 posse
625 2001 780 2048 vero
819 1980 1042 2046 modos
1102 1981 1388 2047 musicos
1431 1984 1750 2068 querulos,
1789 2001 1950 2065 quos
1989 1985 2180 2048 etiam
2219 1976 2405 2067 μέλη,
2441 1999 2610 2063 quae

384 2091 491 2153 illo
553 2090 697 2154 loco
752 2108 898 2155 cum
962 2081 1216 2175 ἐλέγοις
1275 2099 1734 2172 componuntur
1748 2136 1770 2172 ,
1830 2089 2194 2176 significare
2252 2086 2613 2153 Franckius

387 2201 529 2280 ipse
569 2198 758 2264 vidit.
841 2195 1256 2263 Grammatici
1295 2196 1547 2278 quidem
1609 2197 1891 2278 plerique
1942 2215 2070 2261 non
2123 2204 2255 2262 tam
2313 2204 2614 2262 accurate

385 2308 555 2387 loqui
596 2308 830 2391 solent,
892 2315 967 2373 ut
1003 2324 1088 2370 ex
1125 2306 1211 2370 iis
1272 2305 1396 2370 hac
1448 2303 1530 2369 de
1589 2325 1660 2368 re
1711 2301 1986 2384 judicari
2033 2306 2275 2391 possit,
2335 2312 2612 2370 attamen

388 2434 597 2497 neque
635 2415 684 2480 ii
699 2458 721 2500 ,
776 2413 1064 2497 exceptis
1103 2387 1558 2496 posterioribus
1571 2455 1594 2494 ,
1648 2413 1757 2495 qui
1796 2412 2006 2476 omnia
2045 2412 2429 2477 confundunt
2443 2456 2466 2497 ,
2504 2412 2609 2477 di-

390 2532 560 2606 cunt,
602 2524 671 2587 in
708 2542 871 2588 voce
913 2513 1195 2605 ἐλεγος
1174 2539 1319 2602 ipsa
1357 2520 1544 2584 metri
1584 2517 2108 2602 significationem
2148 2520 2386 2585 inesse.

556 2628 658 2694 De
696 2628 948 2712 lugubri
989 2637 1200 2715 autem
1238 2625 1429 2706 hujus
1468 2626 1654 2690 vocis
1681 2624 2043 2708 significatu
2068 2625 2611 2709 grammaticorum

390 2737 756 2818 auctoritas,
794 2742 1080 2798 veterum
1118 2731 1492 2813 scriptorum
1527 2731 1689 2795 locis
1740 2729 2086 2815 accedens,
2127 2751 2319 2817 quum
2357 2745 2611 2818 propter

392 2843 665 2906 omnium
704 2857 1111 2921 consensum,
1151 2847 1284 2903 tum
1323 2857 1468 2904 eam
1503 2828 1585 2904 ob
1624 2857 1884 2905 causam
1930 2859 2055 2903 non
2096 2848 2198 2905 est
2238 2842 2611 2928 spernenda,

393 2948 556 3033 quod
572 2991 593 3031 ,
632 2948 763 3012 nisi
817 2947 940 3011 hoc
994 2966 1035 3009 e
1096 2945 1294 3012 certis
1341 2946 1617 3011 fontibus
1671 2944 2073 3030 hausissent,
2127 2947 2383 3030 quidvis
2443 2949 2612 3013 aliud

394 3058 603 3142 potius
643 3054 1107 3138 conjecissent,
1148 3073 1337 3137 quum
1378 3053 1852 3138 antiquissima,
1888 3072 2076 3137 ‚quae
2116 3063 2375 3120 servata
2413 3064 2613 3140 erant,

393 3164 673 3230 carmina
725 3165 1110 3229 hexametris
1169 3163 1705 3244 pentametrisque
1776 3152 2127 3245 composita
2198 3180 2325 3226 non
2389 3175 2611 3228 essent

391 3273 678 3359 lugubris
745 3271 1096 3354 argumenti
1121 3267 1243 3348 ²⁸).
1361 3268 1539 3334 Idem
1597 3266 1913 3349 judicium
1974 3271 2169 3334 variis
2241 3258 2611 3381 rationibus,

558 3524 683 3576 pag.
716 3505 801 3558 41.
868 3507 1144 3556 Praeterea
1175 3503 1484 3554 Welckerus
1517 3500 1578 3564 (Ι.
1609 3515 1658 3551 c.
1692 3517 1746 3563 p.
1781 3502 1907 3559 480)
1940 3501 2107 3553 alium
2154 3500 2402 3573 ejusmodi
2449 3506 2608 3555 locum

554 3602 751 3661 profert
781 3597 1074 3649 Callimachi
1103 3592 1339 3661 frg.121
1372 3592 1466 3655 (cf.
1501 3592 1873 3642 Schneidewin.
1905 3595 1973 3642 ad
1990 3593 2183 3644 Simoni
2214 3596 2307 3644 reli
2291 3608 2357 3654 ι.ιι
2391 3609 2442 3655 p.
2463 3594 2604 3659 1⁰4),

555 3691 643 3741 ubi
680 3694 852 3740 tamen
896 3687 1112 3738 dubitari
1143 3689 1346 3750 potest,
1398 3697 1500 3744 quo
1531 3695 1688 3734 sensu
1718 3682 2009 3745 accipienda
2039 3686 2111 3736 sit
2139 3700 2244 3738 vox
2275 3668 2502 3761 ἔλεγοι.

426 3780 518 3836 24)
548 3783 678 3846 Pag.
713 3777 792 3829 41.

427 3869 522 3927 25)
554 3871 684 3936 Pag.
715 3869 795 3919 45.

428 3960 520 4016 ze)
552 3960 681 4025 pag.
715 3960 796 4006 63.

429 4048 519 4106 27)
553 4047 796 4114 Pag.162.

430 4136 522 4197 28)
556 4137 751 4188 Eodem
784 4137 912 4186 redit
943 4139 1173 4189 Franckii
1206 4142 1480 4205 sententia,
1516 4142 1578 4193 de
1613 4155 1712 4201 qua
1743 4155 1799 4191 v.
1834 4154 1986 4203 supra
2021 4156 2072 4203 p.
2110 4142 2158 4193 8.
