2800 4775
2314 196 2412 269 'tl

200 379 487 441 Milesios
518 375 829 466 impedire
870 393 994 439 non
1038 376 1314 464 poterat,
1376 396 1499 461 quo
1555 376 1765 442 minus
1804 377 1958 442 urbe
1994 376 2207 442 deleta
2246 380 2415 458 poti-

202 494 425 565 rentur,
469 503 656 584 quum
700 483 1024 549 Cimmerii
1065 480 1256 549 urbes
1296 502 1425 549 non
1465 481 1749 550 tenuisse
1788 493 2151 578 occupatas,
2193 481 2328 547 sed·
2354 484 2419 547 in

200 602 555 692 transcursu
596 601 836 657 tantum
876 591 1216 675 diripuisse
1257 590 1543 656 dicantur
1564 590 1690 671 ⁴⁶).

356 750 616 815 Talibus
658 751 1048 832 argumentis
1093 768 1252 816 usus
1292 749 1649 815 Franckius
1702 748 2015 817 Callinum
2066 725 2421 833 proximum

195 851 392 921 fuisso
432 860 710 922 Homero
750 865 816 920 et
856 857 963 921 vel
1002 866 1150 921 ante
1188 858 1543 922 Hesiodum
1584 856 1832 923 vixisse
1874 856 2255 924 contendere
2294 877 2417 932 au-

193 981 309 1027 sus
351 973 488 1047 est,
529 967 799 1028 maxime
841 965 978 1028 loco
1019 963 1157 1045 illo,
1213 984 1397 1047 quem
1439 966 1584 1048 ipse
1628 964 1753 1031 sibi
1796 964 2139 1052 constituit,
2177 949 2420 1031 *fretus-

194 1072 462 1134 'l'antam
536 1053 865 1136 audaciam
924 1069 1065 1152 jure
1122 1074 1494 1155 improbavit
1547 1073 1831 1151 Bachius
1858 1072 1994 1154 ⁴⁷),
2051 1074 2158 1156 qui
2209 1081 2421 1138 tamen
2475 1061 2484 1065 ’

191 1178 329 1259 ipse
371 1178 784 1243 Callisthenis
844 1179 1272 1244 auctoritatem
1312 1199 1441 1243 non
1482 1181 1693 1243 minus
1762 1179 2046 1265 negligit.
2099 1179 2185 1242 E
2226 1175 2420 1244 Plinii

175 1286 351 1350 locis
392 1287 661 1390 colligit,
717 1286 1123 1370 Magnesiam
1169 1287 1493 1351 Candaule
1535 1295 1844 1371 regnante
1885 1307 1925 1350 a
1963 1285 2256 1351 Treribus
2298 1286 2421 1350 de-

192 1395 385 1457 letam
425 1413 612 1475 esse,
677 1396 890 1476 itaque
952 1391 1262 1459 Callinum
1317 1395 1453 1482 jaim
1508 1404 1655 1461 ante
1706 1392 2047 1464 Candaulis
2097 1396 2422 1475 imperium

193 1502 476 1583 vixiss03
516 1501 729 1566 Orosii
771 1505 932 1586 loco,
973 1522 1162 1587 quem
1203 1521 1395 1586 supra
1451 1501 1726 1567 vidimus
1766 1520 2038 1566 errorem
2081 1502 2423 1584 continere,

192 1610 558 1673 accuratius
602 1608 741 1691 ejus
799 1619 1072 1678 aetatem
1115 1608 1366 1694 definiri
1414 1627 1607 1694 posse
1650 1609 2014 1693 arbitratur,
2070 1609 2178 1690 ita⁴
2215 1616 2283 1672 ut
2345 1607 2421 1671 ab

193 1707 663 1799 'olympiadum‘
709 1719 1067 1802 primordiis
1132 1718 1303 1783 haud
1371 1719 1587 1800 procul
1640 1726 1875 1782 remota
1950 1714 2241 1781 habenda
2313 1717 2421 1781 sit.

189 1822 294 1887 Ad
317 1819 737 1889 Callisthenis
777 1823 980 1890 locum
1022 1827 1184 1911 quod
1215 1826 1460 1909 attinet,
1503 1827 1663 1890 inter
1688 1811 2033 1906 secundam
2074 1832 2140 1888 et
2177 1825 2424 1888 tertiam

192 1931 492 2022 Sardium
536 1936 1060 2049 expugnationem
1116 1940 1397 2017 quartam
1447 1951 1599 2010 esse
1660 1913 2061 1999 inserendam
2101 1927 2288 2016 dicit,
2343 1931 2424 1994 ah

192 2038 299 2100 illo
341 2039 563 2101 nescio
609 2054 792 2118 quam
834 2041 912 2103 ob
956 2057 1218 2106 causam
1258 2045 1596 2124 omissam,
1639 2040 1757 2105 sed
1799 2041 1877 2103 ab
1917 2036 2240 2103 Herodoto
2279 2057 2423 2102 me-

189 2146 434 2234 moriae
476 2142 867 2225 mandatam3
923 2164 1111 2227 quum
1167 2146 1493 2211 Cimmerii
1548 2145 1691 2212 sive
1744 2149 1980 2211 Treres
2045 2146 2302 2228 saepius
2358 2148 2425 2209 in

187 2251 417 2317 Asiam
460 2253 735 2338 impetus
776 2253 1074 2337 fecerint,
1131 2252 1320 2316 facile
1361 2252 1648 2317 accidere
1708 2251 2032 2335 potuisse,
2111 2263 2177 2316 ut
2220 2252 2421 2317 Calli-

190 2363 461 2428 sthenes
502 2379 640 2425 eam
699 2360 991 2426 Sardium
1054 2361 1571 2447 occupationem,
1635 2361 1701 2423 in
1744 2376 1869 2441 qua
1909 2359 2243 2441 acropolim
2303 2377 2427 2443 non

205 2474 559 2556 cepissent,
630 2479 736 2531 aut
796 2468 1129 2552 prudenter
1185 2477 1297 2532 aut
1359 2467 1781 2552 imprudenter
1849 2464 2236 2551 praeteriret.
2335 2466 2427 2530 At

201 2578 353 2661 quid
395 2564 856 2645 Callisthenem
901 2595 1300 2643 commovere
1341 2584 1607 2662 poterat,
1648 2585 1716 2640 ut
1756 2577 1924 2640 hanc
1968 2593 2100 2640 rem
2141 2582 2427 2654 praeter-

191 2686 331 2767 iret,
375 2686 484 2750 ubi
529 2685 609 2749 de
667 2683 976 2750 Sardibus
1035 2688 1242 2769 captis
1300 2686 1364 2749 in
1433 2682 1800 2749 universum
1852 2674 2206 2766 loqueretur
2227 2675 2263 2743 2
2303 2674 2426 2745 'aut

195 2784 505 2878 quomodo
547 2793 839 2859 oblivisci
879 2804 1121 2876 poterat
1164 2793 1340 2875 ejus,
1409 2811 1569 2875 quae
1631 2794 1710 2858 ab
1749 2791 2067 2858 Herodoto
2109 2786 2427 2873 descripta

174 2897 440 2966 esset?
524 2903 606 2966 Et
649 2902 813 2984 quod
856 2901 1183 2966 Cimmerii
1224 2919 1422 2983 saepe
1462 2901 1525 2964 in
1578 2900 1802 2965 Asiam
1859 2898 2132 2981 impetus
2192 2896 2425 2963 fecisse

194 2998 525 3086 dicuntur,
589 3009 736 3072 inde
778 3029 902 3073 non
945 3010 1244 3091 sequitur,
1288 3029 1400 3074 eos
1444 3008 1701 3091 saepius
1741 3008 1953 3090 etiam,
1994 3024 2180 3091 quam
2223 3005 2424 3071 Calli-

193 3117 464 3182 sthenes
507 3112 713 3200 tradit,
754 3115 995 3180 Sardes
1038 3120 1312 3199 cepisse.

361 3273 648 3338 Eandem
725 3272 857 3338 fere
917 3275 1291 3340 sententiam
1344 3273 1476 3355 Jam
1531 3233 1700 3336 ante-
1742 3273 2048 3336 Baebium
2097 3269 2424 3351 professus

197 3391 338 3446 erat
378 3382 762 3446 Souchaeus
790 3379 926 3463 ⁴⁸),
990 3385 1095 3464 qui
1149 3394 1212 3446 et
1268 3385 1409 3462 ipse
1451 3377 1662 3442 Orosii
1703 3380 1841 3457 loco
1885 3377 1964 3440 ad
2006 3374 2422 3439 definiendam

197 3487 434 3554 Callini
474 3498 745 3555 aetatem
788 3488 1008 3569 utitur,
1065 3501 1131 3553 et
1182 3487 1355 3551 multi
1420 3504 1560 3549 eam
1602 3485 2053 3566 probaverunt,
2114 3482 2277 3547 inter
2317 3502 2422 3544 re-

519 3692 597 3699 ,σο

227 3835 322 3895 46)
357 3836 482 3886 Her.
516 3837 559 3900 1,
614 3836 674 3902 6,
728 3837 811 3884 ubi
864 3816 1276 3913 καταστροφή
1329 3847 1431 3883 non
1465 3837 1547 3884 est
1590 3828 1825 3895 eversio,
1879 3817 2313 3895 sodoch-apaten,
2345 3798 2425 3880 ‘ut

362 3926 583 3989 saepius.
1206 3980 1213 3987 ι
1408 3991 1414 3996 ·
2003 3988 2012 3993 ι
2059 3986 2068 3993 ἢ
2154 3980 2159 3989 .

228 4038 328 4112 47‘)
375 4051 559 4104 Callini
599 4052 840 4121 Ephesii,
890 4052 1104 4112 'tyrtaei
1136 4049 1452 4113 Aphidnaei,
1507 4047 1622 4101 Anii
1655 4047 1811 4101 emti
1852 4047 2122 4099 carminum
2163 4054 2298 4108 quae
2331 4060 2424 4096 ιιι-

361 4146 593 4204 per-sunt.
628 4143 773 4206 nipe.
807 4140 957 4196 isat.
991 4156 1044 4205 p.
1078 4142 1188 4199 6-2
1202 4141 1298 4192 12·
1793 4170 1798 4176 ·

228 4235 322 4294 ts)
354 4227 514 4288 Mem.
551 4235 614 4286 de
642 4234 843 4286 l’Aead-
879 4236 938 4286 Τ.
975 4232 1095 4298 Vn,
1132 4248 1184 4294 p.
1220 4232 1333 4284 865.

1200 4320 1219 4345 ὁ
