2800 4775
2279 194 2376 268 6⁷

150 381 560 447 calamitatem
621 375 931 462 proverbii
968 376 1178 440 locum
1216 374 1599 457 obtinuisse,
1665 371 1903 440 Suidas
1943 372 2215 439 affirmat
2258 374 2383 462 ⁸⁸),

152 488 318 553 idem
362 506 445 552 ex
482 486 629 558 aliis
678 485 844 550 locis
884 492 1176 567 apparet,
1235 502 1382 549 nam
1434 495 1499 550 et
1517 483 1843 568 Theognis
1876 477 1975 565 ⁸⁴)
2030 483 2384 566 superbiam

152 573 562 680 Magnetibus
603 590 949 675 perniciem
990 592 1363 677 paravisse,
1428 602 1495 657 et
1532 591 1905 656 Athenaeus
1940 588 2042 672 ⁸⁵)
2060 631 2080 671 ‚
2143 592 2252 655 ubi
2304 590 2385 656 de

150 704 253 786 iis,
294 701 401 788 qui
440 702 687 768 luxuria
729 680 960 764 famam
987 698 1118 764 sint
1162 701 1464 786 assecuti,
1502 700 1791 782 loquitur,
1832 698 2022 763 etiam
2041 700 2384 784 Magnetes

151 810 297 876 huic
366 829 603 876 causae
671 809 1017 891 perniciem
1088 807 1318 873 debere
1391 807 1609 871 tradit:
1711 791 2070 870 Ἀπωλοντο
2135 801 2212 875 δὲ
2271 803 2387 871 καὶ

149 905 491 1003 Marma&
532 909 600 979 οἱ
636 904 809 1001 πρός
847 912 940 997 τῷ
978 901 1350 1003 Μαιανδρῳ
1395 904 1515 978 dcc?
1553 905 1626 978 τό
1667 909 1868 979 πλέον
1906 904 2248 1001 ἄνεθῆναι,
2291 906 2385 991 ὥς
2465 921 2472 932 ’

147 1032 316 1114 ’φησι
371 1015 696 1099 Καλλῖνυς
757 1017 824 1088 ἕν
876 1023 1015 1097 τοῖς
1067 1016 1379 1108 ἐλεγείοις
1438 1017 1551 1087 καὶ
1613 1010 2019 1110 Ἀρχίλοχος·
2073 1010 2385 1096 ἑάλωσαν

145 1126 293 1221 γοῖρ
316 1122 453 1196 vad
489 1122 834 1218 ’.Εφεσίων
915 1130 1267 1217 Magnesia
1317 1123 1512 1214 igitur
1571 1149 1697 1195 non
1760 1141 1888 1195 tam
1951 1141 2201 1215 propter
2264 1150 2386 1195 ex·-

147 1241 406 1319 cidium,
447 1238 611 1323 quod
651 1241 795 1304 aliis
835 1257 1078 1322 quoque
1116 1235 1374 1305 urbibus
1416 1239 1664 1320 accidit,
1706 1257 1894 1321 quam
1936 1237 2078 1303 ideo
2122 1239 2190 1303 in
2229 1259 2386 1322 pro-

147 1346 354 1428 verbii
405 1366 615 1412 usum-
649 1346 916 1414 venisse
970 1343 1256 1429 videtur,
1321 1342 1489 1428 quod
1546 1346 1794 1413 luxuria
1847 1358 1913 1412 et
1969 1347 2263 1429 superbia
2319 1349 2387 1412 in

104 1532 109 1537 .
144 1458 392 1521 ruinam
449 1463 891 1540 precesserat,
952 1472 1310 1538 quanquam
1350 1451 1717 1540 Theognis,
1770 1456 1914 1534 ubi,
1939 1453 2024 1520 de
2086 1455 2386 1539 snperbia

84 1631 93 1638 j
144 1564 453 1650 loquitur,
496 1562 687 1627 simul
727 1561 978 1644 plebem
1018 1563 1182 1627 ultra
1210 1561 1355 1643 jura
1394 1579 1515 1625 sua
1551 1577 1957 1645 progressam
1997 1572 2065 1628 et
2105 1563 2172 1627 in
2214 1564 2387 1645 opti-

144 1680 353 1735 mates
427 1652 835 1755 grassantem
910 1668 1281 1754 significare
1357 1671 1555 1750 solet3
1636 1680 1913 1735 attamen
1979 1688 2107 1734 non
2181 1669 2387 1735 solum

145 1785 478 1860 utramque
532 1795 667 1842 rem
717 1775 1114 1859 conjunctam
1175 1773 1380 1840 fuisse
1452 1776 1775 1859 probabile
1830 1785 1954 1862 est,
2013 1776 2131 1841 sed
2192 1778 2384 1842 etiam

148 1885 588 1971 Theognidem
627 1885 796 1950 hanc
833 1887 1110 1950 maxime
1151 1884 1458 1949 malorum
1501 1903 1765 1950 causam
1807 1885 2057 1968 dicere,
2119 1903 2204 1950 ex
2245 1884 2385 1966 ejus

146 1991 608 2058 consuetudine
649 1993 813 2055 satis
852 1993 1225 2074 explicatur,
1302 1994 1394 2058 At
1435 2012 1735 2080 magnum
1778 1996 2136 2077 scrupulum
2175 1993 2387 2058 Athe-

143 2101 296 2167 naei
338 2100 518 2163 locus
559 2095 797 2182 injicit,
858 2097 962 2162 ubi
1002 2098 1269 2180 Ephesii
1308 2100 1714 2181 Magnesiam
1755 2116 2133 2187 occupasse,
2175 2119 2385 2184 neque

143 2206 579 2271 Archilochus
619 2205 834 2288 solus,
899 2204 1015 2269 sed
1059 2204 1347 2269 Callinus
1409 2207 1599 2269 etiam
1661 2203 1966 2290 perniciei
2006 2209 2387 2274 mentionem

142 2315 390 2379 fecisse
442 2301 753 2378 dicuhtur.
851 2310 997 2392 Qua
1056 2311 1139 2376 de
1206 2331 1276 2376 re
1328 2313 1431 2377 sic
1490 2311 1842 2378 habendum
1895 2334 2046 2380 esse
2105 2314 2387 2380 videtur:

146 2422 606 2487 Archilochum
645 2421 819 2484 illius
857 2422 958 2506 rei*
994 2426 1227 2485 testem
1267 2420 1494 2506 fuisse,
1528 2421 1902 2487 Athenaeus
1942 2423 2081 2507 ipse
2108 2423 2388 2504 profecto

149 2530 292 2594 solo
336 2548 538 2595 versu
576 2527 719 2610 illo,
784 2546 908 2610 quo
951 2527 1178 2593 Strabo
1220 2529 1451 2610 utitur,
1513 2530 1694 2593 nisus
1758 2527 1980 2616 tradit,
2038 2547 2262 2612 quum,
2326 2532 2389 2595 si

151 2638 504 2703 accuratior
586 2635 957 2700 Archilochi
1010 2636 1204 2723 'locus
1279 2638 1671 2723 exstitisset,
1753 2635 1981 2702 Strabo
2043 2657 2186 2709 eum
2263 2655 2387 2703 non

148 2744 720 2828 praetermisisset;
794 2744 1110 2808 Callinum
1181 2744 1263 2809 de
1323 2746 1733 2829 Magnesiae·
1791 2746 2041 2811 excidio
2107 2748 2388 2835 locutum*

128 2871 302 2937 ‚esse
319 2897 340 2935 ,
399 2850 700 2918 credibile
752 2871 877 2916 nou
938 2860 1078 2939 est,
1154 2870 1346 2936 quum
1401 2853 1630 2920 Strabo
1693 2850 1776 2917 ad
1832 2854 2060 2919 Callini
2113 2865 2385 2922 aetatem
2443 2932 2455 2947 .

150 2959 664 3024 constituendam
705 2978 785 3023 ea
825 2959 967 3042 ipsa
1005 2978 1111 3043 re,
1183 2961 1351 3043 quod
1391 2962 1735 3047 Magnetes
1777 2961 2077 3028 florentes
2109 2966 2222 3029 ille
2261 2984 2386 3029 no-

152 3068 344 3150 verit,
385 3066 478 3130 uti
517 3085 642 3130 non
672 3068 1011 3152 potuisset,
1056 3068 1118 3132 si
1144 3068 1311 3134 idem
1352 3068 1640 3133 interitus
1680 3071 2060 3136 mentionem
2090 3072 2387 3149 fecisset3

152 3185 487 3257 praeterea
502 3248 510 3255 .
527 3172 607 3238 ab
626 3173 928 3256 Ephesiis
948 3176 1354 3260 Magnesiam
1392 3187 1641 3260 captam
1689 3196 1867 3263 esse,
1910 3200 1948 3243 e
1987 3197 2108 3243 sua
2147 3186 2384 3242 tantum

189 3488 283 3545 aa)
321 3489 463 3538 snm.
495 3505 540 3539 s.
558 3505 614 3538 v.
656 3468 1019 3568 Μαγνήτων
1057 3470 1225 3545 naxo?
1249 3490 1440 3540 saliani
1470 3492 1634 3540 locum
1667 3458 1838 3548 (orat.
1872 3492 1992 3557 vn,
2042 3506 2095 3553 p.
2130 3490 2259 3550 394)
2292 3505 2385 3541 ex·

323 3580 479 3647 hibet,
515 3594 614 3640 quo
630 3583 931 3648 Magnetum
961 3583 1094 3632 mala
1126 3585 1494 3644 componuntur
1525 3595 1637 3637 oum
1667 3582 1923 3643 Termeria
1941 3583 2256 3646 calamitate,
2290 3583 2387 3639 (de

326 3680 427 3729 qua
460 3684 511 3718 v.
544 3672 682 3721 Plut.
717 3674 875 3723 Thes.
908 3670 992 3722 11.
1056 3674 1263 3722 Jacobs
1297 3672 1509 3721 Anthol.
1545 3674 1654 3721 Pal.
1697 3686 1751 3732 p.
1793 3673 1908 3739 663,
1945 3685 2073 3731 quos
2102 3673 2387 3729 Passovius
2505 3662 2508 3665 “

274 3768 279 3778 ·
321 3775 366 3810 s.
408 3776 463 3811 v.
517 3762 714 3820 laudat)
779 3767 834 3813 et
887 3763 1124 3830 reliquis,
1176 3764 1240 3812 de
1275 3764 1454 3823 quibus
1501 3766 1689 3823 poetae
1734 3765 2029 3829 loquantur3
2078 3764 2210 3812 idem
2254 3776 2297 3813 s.
2330 3776 2385 3811 v.

216 3842 223 3849 ’
321 3831 403 3907 τα
448 3831 824 3930 Μαγνήτων
845 3833 1014 3907 κακοὶ
1053 3868 1115 3904 ea
1146 3854 1219 3903 ita
1253 3854 1496 3914 explicat.
1561 3838 1676 3907 ἐπὶ
1724 3841 1853 3907 miv
1907 3836 2224 3929 μεγίστων
2277 3838 2389 3907 καὶ

321 3933 784 4027 αλγεινοτάτων
870 3939 1097 4006 κακῶν·
1198 3959 1489 4056 παροσον
1550 3930 1730 4007 οὗτοι
1795 3931 2278 4033 οἷσεβὴσαντες
2290 3937 2390 4019 εἷς

319 4031 479 4105 θεὸν
515 4038 775 4106 πολλῶν
812 4038 1017 4105 κακῶν
1056 4029 1524 4131 ἐπειράθησαν.

186 4147 282 4208 34)
322 4151 553 4217 Theogn.
588 4165 645 4202 v.
680 4151 777 4202 721
812 4166 892 4212 sq.
925 4152 1186 4202 Welcker.
1240 4152 1362 4214 (603
1396 4153 1651 4212 Bekker.)
1702 4153 1800 4204 728
1834 4168 1912 4215 sq.
1945 4156 2038 4207 W.
2082 4119 2261 4216 (nob.
2295 4156 2389 4212 B.)

185 4239 295 4302 35)
313 4241 509 4291 Athen.
542 4240 662 4308 xn,
695 4255 750 4303 p.
783 4242 901 4309 58³,
938 4241 1000 4294 C·

1892 4329 1980 4389 θ*
